2240 3444
361 97 468 148 252
817 95 1082 149 Historia
1120 98 1512 153 Ecclesiastica
1762 112 1870 163 [Lm.
1896 116 1968 153 IV.
2008 141 2012 150 .

361 249 635 297 commoda
667 249 1009 312 contigissent
1044 252 1095 297 et
1130 267 1386 312 prospera,
1418 267 1510 312 per
1542 250 1970 298 intercessionem

361 332 662 394 fraternam,
695 335 746 380 et
771 333 1092 381 oblationem
1125 333 1326 381 hostiae
1356 333 1599 380 salutaris
1625 333 1843 381 caelitus
1868 333 1970 381 sibi

361 415 521 463 fuisse
549 416 740 464 donata
765 416 1041 464 intellexit.
1108 416 1369 478 Multique
1395 416 1521 463 haec
1546 433 1576 464 a
1599 416 1831 478 praefato
1857 416 1971 464 uiro

363 498 650 559 audientes,
695 499 898 547 accensi
940 501 1065 547 sunt
1100 499 1157 546 in
1194 499 1299 547 fide
1336 516 1393 546 ac
1438 499 1720 546 deuotione
1759 499 1972 561 pietatis

361 583 426 630 ad
464 583 734 641 orandum,
778 583 864 630 uel
900 583 961 630 ad
1001 583 1320 645 elimosynas
1357 582 1630 643 faciendas,
1675 583 1760 630 uel
1798 583 1859 630 ad
1901 584 1968 631 of-

362 666 601 714 ferendas
627 667 737 714 Deo
764 666 1007 714 uictimas
1034 667 1205 713 sacrae
1239 666 1532 725 oblationis,
1576 683 1670 728 pro
1707 666 1970 728 ereptione

364 766 592 810 suorum,
650 749 739 812 qui
790 750 853 798 de
902 751 1107 798 saeculo
1157 750 1541 813 migrauerant3
1597 750 1973 798 intellexerunt

364 833 523 894 enim,
550 833 671 895 quia
696 834 1009 881 sacrificium
1029 834 1254 882 salutare
1274 834 1337 881 ad
1364 834 1748 882 redemtionem
1775 834 1973 881 ualeret

365 919 416 965 et
441 917 646 964 animae
673 920 723 964 et
750 917 976 979 corporis
1002 917 1390 979 sempiternam.

433 1000 586 1048 Hanc
623 1000 757 1047 mihi
794 1000 1067 1049 historiam
1105 1001 1266 1048 etiam
1304 1001 1517 1064 quidam
1556 1018 1751 1061 eorum,
1784 1000 1875 1063 qui
1910 1001 1973 1048 ab

364 1084 475 1146 ipso
516 1083 644 1144 uiro,
683 1084 739 1131 111
778 1101 879 1146 quo
916 1085 1051 1132 facta
1088 1087 1179 1145 est,
1221 1085 1442 1144 audiere,
1483 1086 1795 1144 narrarunt,
1835 1085 1974 1132 unde

366 1185 493 1227 eam,
559 1167 677 1230 quia
734 1168 961 1229 liquido¹
1020 1168 1244 1230 conperi,
1306 1168 1670 1216 indubitanter
1726 1167 1974 1216 historiae

364 1250 569 1296 nostrae
607 1247 977 1296 ecclesiasticae
1013 1247 1346 1296 inserendam
1383 1248 1593 1296 credidi.

849 1415 1002 1463 CAP.
1040 1415 1175 1463 XXI
1216 1412 1477 1481 [XXIH]

790 1530 844 1565 De
864 1531 949 1566 uita
971 1533 1003 1567 et
1023 1532 1127 1566 obitu
1145 1531 1189 1565 H
1191 1534 1289 1569 {ldae
1308 1532 1537 1567 abbccfissae.

79 1651 213 1687 naath
237 1650 281 1685 of
437 1632 592 1679 ANNo
619 1633 737 1693 post
770 1630 912 1678 hunc
945 1633 1209 1692 sequente,
1241 1630 1339 1678 1100
1375 1628 1487 1679 est2
1513 1647 1651 1678 anno
1684 1629 1976 1677 dominicae

75 1702 336 1794 ,Ῑῇἷξὲῐζξίῖῗς
368 1714 745 1763 incarnationis
771 1714 1082 1775 DCLXXX,
1106 1714 1498 1777 religiosissima
1515 1714 1530 1738 3
1558 1713 1754 1762 Christi
1778 1713 1978 1762 famula

78 1803 333 1847 N0V·17‚680·
370 1799 516 1859 Hild,
548 1798 810 1846 abbatissa
836 1798 1155 1858 monasterii,
1187 1798 1324 1859 quod
1347 1798 1539 1846 dicitur
1566 1797 1926 1845 StrenaeshaIC
1942 1798 1971 1858 ⁴,

369 1884 427 1930 ut
459 1899 615 1944 supra
647 1882 965 1943 rettulimus,
1007 1885 1125 1944 post
1162 1882 1345 1943 multa,
1377 1899 1508 1944 quae
1544 1881 1667 1929 fecit
1704 1881 1761 1929 in
1804 1881 1972 1942 terris,

370 1982 523 2028 opera
552 1965 806 2026 caelestia,
845 1966 909 2013 ad
943 1966 1276 2028 percipienda
1309 1965 1539 2028 praemia
1567 1966 1708 2013 uitae
1742 1964 1979 2013 caelestis

372 2050 435 2097 de
460 2048 615 2097 terris
640 2049 813 2096 ablata
837 2048 1088 2097 transiuit
1115 2050 1198 2098 die
1227 2050 1341 2098 XV.
1373 2050 1734 2098 Kalendarum
1760 2049 1977 2096 Decem-

371 2132 560 2193 brium,
621 2149 740 2180 cum
790 2134 927 2180 esset
981 2149 1241 2181 annorum
1304 2134 1483 2181 LXVI
1508 2151 1519 2193 3
1577 2133 1767 2195 quibus
1815 2149 1980 2194 aequa

372 2216 609 2278 partione
630 2216 646 2240 5
672 2215 869 2277 diuisis,
910 2217 1164 2264 XXXIII
1198 2217 1396 2279 primos
1426 2217 1481 2264 in
1515 2216 1763 2265 saeculari
1794 2216 1977 2264 habitu

372 2299 701 2347 nobilissime
727 2301 1029 2347 conuersata
1058 2301 1339 2362 conpleuit,
1373 2303 1423 2349 et
1452 2301 1675 2349 totidem
1702 2302 1980 2362 sequentes

373 2383 601 2431 nobilius
627 2383 684 2430 in
710 2383 1015 2431 monachica
1042 2384 1152 2432 uita
1178 2385 1407 2432 Domino
1433 2384 1764 2433 consecrauit.
1844 2383 1980 2432 Nam

374 2470 426 2515 et
452 2466 645 2515 nobilis
671 2469 797 2515 natu
825 2470 947 2528 erat,
981 2468 1078 2515 hoc
1098 2471 1176 2516 est
1202 2468 1310 2516 filia
1335 2468 1540 2530 nepotis
1566 2468 1764 2515 Eduini
1781 2469 1794 2490 ‘³
1822 2468 1974 2531 regis,

372 2551 624 2599 uocabulo
674 2550 942 2598 Hererici7
966 2569 976 2610 3
1027 2568 1145 2598 cum
1189 2568 1292 2612 quo
1342 2551 1499 2599 etiam
1550 2568 1681 2613 rege,
1730 2551 1795 2599 ad
1843 2567 1982 2613 prae-

374 2635 688 2683 dicationem
707 2635 885 2682 beatae
906 2634 1188 2682 memoriae
1204 2635 1417 2682 Paulini
1437 2635 1597 2697 primi
1618 2635 1983 2698 Nordanhym-

374 2720 588 2767 brorum
609 2720 624 2743 ⁸
643 2717 884 2780 episcopi,
909 2718 1071 2766 fidem
1098 2720 1149 2766 et
1170 2720 1493 2766 sacramenta
1513 2719 1709 2767 Christi
1735 2718 1976 2780 suscepit,

374 2805 530 2865 atque
577 2802 716 2862 haec,
770 2802 1068 2863 usquedum
1117 2802 1181 2849 ad
1238 2801 1350 2848 eius
1397 2801 1661 2849 uisionem
1709 2802 1983 2864 peruenire

376 2886 580 2947 meruit,
611 2886 925 2933 intemerata
950 2885 1193 2933 seruauit.

434 2997 445 3019 ¹
479 2997 557 3047 qui
597 2998 843 3046 aliquando
885 2998 932 3036 C.
972 2997 1025 3036 N.
1069 2995 1154 3036 W1.
1198 2995 1266 3036 D¹.
1311 2997 1418 3045 &0.;
1465 3010 1578 3047 quae
1618 2999 1863 3047 aliquando
1903 2999 1973 3047 H1.

378 3063 392 3085 2
421 3077 540 3102 anno
563 3094 570 3102 .
597 3095 605 3103 .
628 3095 637 3103 .
659 3066 726 3102 est
747 3077 820 3103 om.
848 3064 894 3103 C.
1076 3063 1090 3086 ³
1120 3065 1324 3114 religiosa
1347 3064 1392 3103 C.
1563 3063 1578 3085 ⁴
1609 3065 1893 3104 streneshalh
1917 3065 1948 3103 C
1971 3078 1980 3113 3

377 3131 746 3170 streanaeshalch
788 3131 842 3170 N.
1037 3129 1051 3152 ⁵
1080 3132 1288 3180 partione
1328 3130 1387 3168 M.
1428 3130 1475 3169 O.
1517 3131 1586 3180 B3
1634 3132 1840 3181 portione
1878 3131 1980 3170 edd.

375 3199 389 3221 ὅ
419 3198 609 3236 eduuini
635 3198 682 3237 C.
796 3196 810 3218 ⁷
841 3198 1024 3235 1101111οἰ
1048 3197 1094 3236 O.
1118 3197 1171 3236 N.
1303 3197 1317 3219 8
1346 3197 1554 3235 nordam-
1576 3197 1635 3237 M.
