2240 3444
72 2461 205 2495 Furth
212 2472 255 2495 er

69 2510 271 2546 miracles.

363 119 470 170 220
828 112 1094 166 Historia
1131 109 1432 164 Ecclesiast
1440 109 1527 163 ica„
1768 118 1878 172 [Lm.
1898 122 1968 164 IV.

362 258 569 319 Christi,
613 258 677 306 ad
727 256 1002 319 sepulchra
1050 255 1288 315 fratrum,
1333 254 1425 317 qui
1473 270 1558 301 eas
1601 269 1664 300 ex
1711 252 1807 300 hac
1855 252 1971 300 luce

362 343 763 406 praecesserant,
796 340 976 388 solitas
1006 339 1234 387 Domino
1267 338 1447 386 laudes
1473 337 1824 396 decantarent,
1857 351 1971 383 ecce

363 426 534 474 subito
577 425 669 472 lux
713 423 905 471 emissa
944 422 1172 483 caelitus,
1215 421 1384 469 ueluti
1425 420 1652 467 linteum
1695 436 1964 481 magnum,

360 508 509 557 uenit
547 525 701 570 super
737 523 935 567 omnes,
974 507 1225 567 tantoque
1263 520 1348 552 eas
1385 505 1597 566 stupore
1634 502 1869 564 perculit,
1912 504 1970 550 ut

361 593 520 640 etiam
554 589 559 657 1
593 591 869 651 canticum,
931 589 1069 652 quod
1119 588 1389 645 canebant,
1434 585 1768 635 tremefactae
1814 586 1972 633 inter-

361 677 651 724 mitterent.
712 674 834 736 Ipse
859 675 1036 721 autem
1063 671 1310 734 splendor
1331 670 1548 718 emissae
1574 670 1719 730 lucis,
1742 669 1798 716 in
1825 669 1972 717 cuius

361 758 727 822 conparatione
775 756 855 805 sol
903 756 1227 804 meridianus
1268 753 1437 802 uideri
1483 755 1659 816 posset
1703 753 1966 814 obscurus,

362 859 469 890 non
506 842 675 889 multo
713 841 831 903 post
863 839 955 887 illo
990 838 1225 887 eleuatus
1252 838 1315 885 de
1348 837 1474 898 loco,
1505 837 1561 884 in
1587 832 1971 884 meridianuml

361 924 678 986 monasterii,
724 923 822 971 hoc
866 925 943 970 est
991 922 1055 970 ad
1105 921 1430 969 occidentem
1472 919 1692 981 oratorii,
1742 919 1966 980 secessit,

360 1009 537 1071 ibique
573 1005 881 1069 aliquandiu
918 1007 1223 1066 remoratus,
1264 1007 1315 1053 et
1351 1021 1411 1053 ea
1454 1004 1565 1053 loca
1601 1005 1854 1067 operiens,
1898 1004 1972 1052 sic

361 1091 666 1140 uidentibus
693 1090 897 1137 cunctis
929 1089 993 1137 ad
1025 1089 1152 1136 caeli
1185 1105 1238 1136 se
1274 1089 1380 1136 alta
1417 1088 1699 1149 subduxit;
1738 1091 1798 1136 ut
1834 1088 1973 1136 nulli

362 1177 495 1223 esset
522 1174 756 1234 dubium,
792 1173 918 1235 quin
950 1172 1062 1234 ipsa
1095 1171 1199 1233 lux,
1233 1188 1362 1234 quae
1387 1170 1623 1219 animas2
1649 1171 1972 1219 famularum

362 1258 557 1308 Christi
600 1259 735 1305 esset
779 1257 1000 1304 ductura
1044 1255 1128 1303 uel
1167 1257 1472 1317 susceptura
1513 1255 1571 1302 in
1609 1255 1774 1316 caelis,
1812 1254 1971 1303 etiam

362 1341 663 1403 corporibus
700 1356 879 1388 earum
916 1339 1106 1400 locum,
1148 1339 1205 1386 in
1243 1355 1345 1401 quo
1389 1339 1700 1401 requietura,
1740 1340 1790 1386 et
1829 1338 1972 1386 diem

360 1424 755 1472 resurrectionis
800 1424 973 1470 essent
1011 1424 1357 1484 expectatura,
1401 1424 1731 1470 monstraret.
1809 1423 1972 1471 Cuius

360 1507 536 1556 radius
584 1507 716 1554 lucis
764 1508 945 1554 tantus
988 1505 1164 1553 extitit
1181 1506 1209 1567 ²³,
1255 1507 1315 1553 ut
1360 1506 1573 1569 quidam
1617 1506 1680 1554 de
1722 1506 1972 1554 fratribus

361 1591 547 1653 senior,
581 1592 670 1653 qui
712 1590 825 1652 ipsa
867 1590 993 1638 hora
1031 1589 1087 1636 in
1126 1590 1347 1638 oratorio
1385 1607 1568 1637 eorum
1606 1607 1726 1637 cum
1762 1589 1864 1638 alio
1901 1589 1974 1638 iu-

360 1675 507 1724 niore
542 1674 744 1737 positus
780 1674 961 1734 suerat,
998 1673 1213 1721 referret
1249 1690 1416 1734 mane,
1449 1673 1586 1736 quod
1622 1673 1844 1736 ingressi
1879 1689 1972 1736 per

361 1760 550 1806 rimas4
590 1758 845 1806 ostiorum
883 1757 970 1805 uel
1012 1757 1358 1804 fenestrarum
1402 1756 1534 1805 radii
1568 1757 1713 1819 lucis,
1756 1774 1972 1806 omnem

362 1842 537 1890 diurni
561 1841 781 1890 luminis
806 1840 1112 1890 uiderentur
1138 1857 1381 1904 superare
1407 1840 1681 1904 fulgorem.

994 2070 1148 2119 CAP.
1179 2070 1336 2118 VIII.

365 2209 410 2245 Ut
431 2208 472 2243 in
495 2209 619 2244 eodem
641 2209 871 2244 monasterio
884 2209 1078 2252 puerulus
1092 2210 1260 2245 moriens·
1279 2211 1492 2255 uir-(Jtnem,
1507 2223 1605 2256 qnae
1625 2222 1662 2247 se
1677 2214 1759 2248 erat
1777 2215 1966 2262 secutura,

455 2275 684 2310 clamaucrit
695 2287 710 2320 ;
752 2276 868 2319 utqutc
899 2276 981 2310 alia
1016 2277 1059 2310 de
1094 2287 1241 2320 corpore
1274 2288 1486 2325 effossura,
1521 2279 1605 2314 *lanz
1631 2279 1875 2323 particulam

914 2341 1083 2386 saturae
1104 2343 1201 2378 Iucz's
1220 2345 1420 2387 aspexerit.

431 2451 581 2499 ERAT
617 2451 674 2499 in
710 2451 894 2499 eodem
931 2454 1248 2501 monasterio
1281 2471 1412 2516 puer
1436 2455 1600 2502 trium
1626 2455 1830 2504 circiter
1862 2474 1971 2505 non

362 2536 589 2597 amplius
636 2553 912 2596 annorum,
968 2535 1156 2584 Aesica
1204 2537 1433 2599 nomine,
1489 2538 1580 2600 qui
1628 2541 1839 2601 propter
1897 2541 1973 2588 in-

362 2619 604 2666 fantilem
630 2620 798 2667 adhuc
832 2622 1057 2667 aetatem
1095 2619 1151 2666 in
1186 2620 1453 2683 uirginum
1479 2622 1590 2670 Deo
1617 2623 1971 2672 dedicatarum

362 2702 562 2750 solebat
600 2703 729 2750 cella
771 2702 976 2764 nutriri,
1020 2703 1196 2765 ibique
1233 2704 1476 2752 meditari
1492 2705 1521 2754 5.
1599 2705 1703 2754 Hic
1744 2707 1973 2769 praefata

362 2785 660 2848 pestilentia
698 2787 880 2846 tactus,
923 2786 1013 2833 ubi
1050 2786 1114 2834 ad
1153 2788 1384 2835 extrema
1423 2790 1676 2851 peruenit,
1722 2791 1971 2840 clama-uit

363 2869 515 2916 tertio
552 2886 714 2917 unam
747 2870 811 2917 de
845 2870 1156 2917 consecratis
1181 2870 1390 2919 Christo
1424 2872 1731 2935 uirginibus,
1762 2875 1970 2937 proprio

416 3006 429 3028 ¹
460 3011 515 3045 sic
539 3008 606 3056 133
649 3021 774 3046 -nam
797 3009 856 3049 M.
878 3008 925 3049 C.
948 3009 1018 3058 N;
1061 3009 1093 3048 O
1126 3012 1315 3058 insertinq
1347 3012 1521 3060 partem
1557 3014 1658 3059 aster
1688 3015 1968 3054 monasterii.

361 3072 376 3093 2
406 3074 595 3123 animas,
620 3078 745 3113 added
766 3088 815 3112 οη
835 3078 994 3122 waram
1016 3075 1073 3114 M.
1218 3078 1232 3098 ³
1262 3077 1357 3114 erat
1380 3076 1426 3115 C.
1450 3077 1501 3116 D.
1521 3076 1593 3116 &c.
1732 3079 1746 3100 4
1778 3080 1900 3130 ripas
1921 3080 1969 3120 C.

363 3137 528 3186 R¹1.O,.
701 3139 716 3160 ⁵
747 3141 962 3179 medicari
1000 3144 1142 3192 Sme'tlz,
1174 3143 1349 3188 followed
1382 3146 1430 3189 by
1466 3146 1632 3191 Huwssey,
1667 3149 1749 3183 ancl
1782 3148 1968 3197 (silently)

365 3209 410 3252 by
426 3209 627 3244 ,Stet-cn'zson
643 3210 725 3245 and
746 3210 924 3255 Moberly.
983 3210 1023 3246 It
1040 3211 1113 3246 has
1139 3220 1186 3246 no
1208 3212 1452 3256 mamcscreffl
1472 3213 1679 3258 authority.

2001 431 2052 467 cf.
2070 431 2162 490 Act.
2177 444 2214 472 X.

2003 494 2038 517 11
2058 495 2066 528 ;
2092 493 2146 518 xl.
2167 493 2201 528 5.

2000 595 2028 630 f.
2051 607 2091 641 77
2110 597 2147 631 b.
