2175 3439
272 90 452 146 clxxii
753 88 817 140 H
812 87 1042 140 istoriae
1081 86 1495 140 Ecclesiasticae

274 215 319 236 CA
325 215 354 238 Ρ.

273 264 361 298 XV.
393 262 450 298 Ut
467 260 653 296 inuitata
678 260 939 296 Brittaniam
965 270 1068 304 gens
1091 258 1340 304 Anglorum,
1356 258 1492 303 primo
1517 259 1686 304 quidem
1714 259 1860 294 aduer-

425 311 555 353 sarios
579 311 746 356 longius
777 310 969 354 eiecerit;
999 310 1071 345 sed.
1099 320 1186 344 non
1213 310 1349 344 multo
1376 312 1481 354 post,
1507 309 1651 345 iuncto
1673 319 1770 344 cum
1795 308 1861 344 his

423 362 600 406 foedere,
621 361 667 396 in
685 361 814 397 socios
832 371 951 395 arma
969 359 1147 395 uerterit
1162 386 1171 393 .

275 426 384 462 XVI.
417 426 475 461 Ut
506 427 727 461 Brettones
758 425 941 469 primam
977 424 1027 459 de
1061 425 1184 468 gente
1215 423 1449 467 Anglorum
1484 423 1720 467 uictoriam,
1757 423 1861 458 duce

423 475 653 521 Ambrosio,
673 476 861 510 Romano
877 473 1063 519 homine,
1086 473 1314 509 sumserint

275 541 407 576 XVII.
438 541 497 576 Ut
524 541 762 576 Germanus
791 538 1005 583 episcopus
1033 549 1131 573 cum
1157 537 1274 581 Lupo
1292 537 1550 573 Brittaniam
1574 537 1799 581 nauigans,
1820 541 1862 572 et

422 590 559 635 primo
576 589 717 635 maris,
735 592 776 625 et
790 589 1058 633 postmodum
1072 588 1395 632 Pelagianorum
1411 590 1705 632 tempestatem
1716 586 1863 622 diuina

424 641 584 676 uirtute
604 639 814 676 sedauerit

275 706 430 740 XVIII.
461 705 519 740 Ut
536 704 649 739 idem
667 703 801 738 filiam
818 701 981 737 tribuni
1007 712 1176 737 caecam
1200 701 1536 747 inluminauerit,
1557 713 1605 737 ac
1633 701 1785 737 deinde
1810 702 1864 736 ad

423 757 621 790 sanctum
641 754 856 788 Albanum
880 752 1141 797 peruenienS,
1161 751 1360 796 reliquias
1385 752 1542 787 ibidem
1570 754 1611 787 et
1637 751 1769 795 ipsius
1800 763 1864 786 ac-

424 804 592 849 ceperit,
632 806 673 839 et
704 804 926 839 beatorum
961 802 1246 847 apostolorum
1284 801 1373 837 siue
1409 802 1589 837 aliorum
1626 805 1864 845 martyrum

423 854 609 899 posuerit

276 921 388 955 XIX.
418 920 475 955 Ut
493 919 607 955 idem
626 929 753 954 causa
769 916 1035 952 infirmitatis
1052 916 1209 952 ibidem
1223 916 1432 961 detentus,
1448 919 1490 952 et
1509 916 1710 951 incendia
1727 916 1864 950 domo-

423 981 519 1005 rum
537 969 694 1005 orando
712 967 967 1013 restinxerit,
988 969 1031 1002 et
1049 967 1138 1011 ipse
1156 977 1230 1011 per
1252 966 1459 1002 uisionem
1477 978 1502 1002 a
1520 978 1595 1001 suo
1613 966 1668 1002 sit
1692 967 1863 1011 langore

424 1022 598 1056 curatus

275 1085 364 1119 XX.
397 1084 454 1119 Ut
473 1084 585 1119 idem
604 1082 782 1128 episcopi
802 1081 1074 1117 Brettonibus
1095 1081 1141 1116 in
1160 1092 1304 1126 pugna
1327 1080 1534 1117 auxilium
1560 1081 1735 1117 caeleste
1759 1082 1864 1116 tule-

425 1134 525 1179 rint,
545 1134 687 1178 sicque
707 1135 880 1168 domum
898 1131 1057 1168 reuersi
1076 1131 1163 1166 sint

276 1199 389 1233 XXI.
419 1199 488 1243 Ut,
508 1197 825 1233 renascentibus
847 1195 1047 1240 uirgultis
1071 1194 1322 1240 Pelagianae
1345 1195 1483 1240 pestis,
1505 1196 1744 1231 Germanus
1769 1207 1865 1230 cum

425 1248 578 1284 Seuero
609 1247 868 1283 Brittaniam
900 1257 1104 1290 reuersus,
1136 1245 1252 1289 prius
1281 1245 1432 1281 claudo
1463 1246 1609 1281 iuueni
1637 1246 1861 1289 incessum,

426 1299 578 1333 deinde
602 1300 644 1334 et
670 1298 824 1342 populo
842 1297 930 1340 Dei,
952 1295 1245 1331 condemnatis
1265 1295 1354 1331 siue
1379 1296 1612 1331 emendatis
1630 1295 1862 1340 haereticis,

425 1359 615 1394 gressum
632 1347 891 1392 recuperarit
910 1346 1007 1382 fidei
1049 1373 1058 1381 .

278 1413 412 1448 XXII.
444 1414 501 1448 Ut
526 1414 750 1448 Brettones
774 1411 1088 1456 quiescentibus
1111 1411 1165 1446 ad
1181 1413 1347 1454 tempus
1373 1411 1535 1456 exteris,
1557 1410 1754 1446 ciuilibus
1780 1422 1865 1446 sese

427 1463 545 1499 bellis
564 1462 856 1506 contriuerint,
878 1461 1006 1496 simul
1024 1463 1065 1496 et
1084 1461 1311 1496 maioribus
1329 1461 1501 1506 flagitiis
1518 1461 1820 1497 submerserint
1857 1489 1865 1496 .

279 1529 436 1563 XXIII.
467 1528 525 1563 Ut
549 1529 721 1563 sanctus
748 1537 857 1571 papa
885 1525 1110 1570 Gregorius
1138 1525 1425 1570 Augustinum
1450 1537 1547 1561 cum
1571 1525 1788 1561 monachis
1812 1526 1866 1561 ad

427 1577 760 1622 praedicandum
778 1576 895 1622 genti
918 1576 1154 1620 Anglorum
1179 1576 1366 1620 mittens,
1387 1575 1565 1620 epistula
1591 1587 1753 1621 quoque
1773 1575 1867 1611 illos

426 1627 722 1672 exhortatoria,
744 1639 796 1663 ne
815 1638 840 1662 a
858 1627 1087 1662 laborando
1105 1628 1326 1671 cessarent,
1348 1626 1650 1662 confortauerit

279 1694 428 1729 XXIV.
460 1694 517 1728 Ut
552 1691 790 1728 Arelatensi
826 1691 1015 1736 episcopo
1055 1690 1279 1735 epistulam
1314 1702 1390 1735 pro
1426 1702 1571 1726 eorum
1605 1690 1866 1736 susceptione

426 1743 590 1778 miserit

278 1809 404 1843 XXV.
435 1809 492 1843 Ut
521 1807 695 1843 ueniens
727 1806 988 1842 Brittaniam
1012 1805 1274 1851 Augustinus
1301 1806 1436 1850 primo
1465 1806 1510 1840 in
1538 1806 1678 1842 insula
1707 1806 1867 1841 Tanato

427 1858 516 1903 regi
541 1857 867 1894 Cantuariorum
893 1856 1168 1901 praedicarit3
1197 1859 1239 1892 et
1263 1856 1323 1892 sic
1347 1859 1518 1901 accepta
1539 1858 1592 1892 ab
1610 1867 1656 1892 eo
1680 1856 1866 1901 licentia,

429 1908 625 1944 Cantiam
643 1907 964 1952 praedicaturus
981 1906 1208 1942 intrauerit
1278 1934 1287 1942 .

279 1973 430 2008 XXVI.
461 1973 518 2007 Ut
536 1972 649 2007 idem
666 1972 712 2006 in
732 1971 883 2007 Cantia
900 1971 1146 2016 primitiuae
1165 1971 1363 2007 ecclesiae
1381 1974 1422 2007 et
1441 1972 1680 2007 doctrinam
1700 1972 1755 2007 sit
1774 1971 1868 2006 imi-

426 2025 553 2068 tatus,
570 2024 611 2058 et
627 2022 772 2067 uitam,
790 2024 916 2066 atque
930 2022 976 2057 in
988 2023 1090 2057 urbe
1108 2022 1216 2067 regis
1231 2023 1369 2058 sedem
1389 2022 1647 2066 episcopatus
1662 2022 1869 2066 acceperit

279 2087 454 2123 XXVII.
484 2087 542 2122 Ut
568 2086 681 2122 idem
709 2086 924 2130 episcopus
950 2085 1090 2121 factus
1117 2085 1317 2131 Gregorio
1342 2097 1485 2131 papae,
1511 2097 1616 2144 quae
1643 2086 1730 2121 sint
1758 2086 1868 2120 Brit-

428 2137 570 2172 taniae
606 2139 723 2182 gesta
764 2136 991 2181 mandarit,
1029 2136 1155 2171 simul
1192 2140 1234 2172 et
1271 2136 1517 2172 necessariis
1551 2137 1639 2172 eius
1671 2148 1867 2181 responsa

428 2190 575 2232 petens
592 2186 832 2231 acceperit.

280 2251 477 2287 XXVIII.
507 2251 566 2286 Ut
591 2262 700 2295 papa
727 2250 952 2296 Gregorius
978 2250 1202 2294 epistulam
1220 2250 1457 2287 Arelatensi
1480 2250 1679 2337 episcopo,
1700 2262 1775 2295 pro
1799 2251 1869 2286 ad-

429 2301 644 2337 iuuando
633 2313 679 2336 m
697 2312 818 2346 opere
838 2300 915 2336 Dei
933 2301 1180 2347 Augustino,
1201 2301 1362 2337 miserit
1402 2329 1410 2337 .

280 2366 432 2401 XXIX.
463 2366 521 2401 Ut
551 2365 664 2400 idem
695 2365 934 2409 Augustino
965 2365 1143 2410 pallium
1178 2367 1220 2401 et
1255 2365 1478 2451 epistulam
1510 2367 1550 2401 et
1580 2365 1721 2409 plures
1751 2329 1870 2402 uerbi

430 2415 647 2451 ministros
664 2415 827 2450 miserit

282 2481 410 2516 XXX.
440 2480 667 2565 Exessnplar
685 2479 898 2524 epistulae,
917 2490 1043 2523 quam
1056 2442 1224 2515 Mellito
1242 2479 1385 2515 abbati
1404 2479 1663 2515 Brittaniam
1680 2480 1871 2525 pergenti

432 2542 528 2565 m1S1
592 2557 599 2565 .

283 2595 529 2679 XXXIhUii·1³
538 2594 824 2679 {ugusssinum
839 2605 913 2638 per
929 2593 1103 2639 litteras,
1121 2605 1174 2629 ne
1193 2594 1243 2629 de
1258 2593 1490 2630 uirtutibus
1507 2594 1592 2630 suis
1607 2594 1868 2639 gloriaretur,

463 2656 509 2680 or
532 2656 556 2680 a
578 2656 627 2680 us
645 2656 679 2679 Sl

284 2709 460 2744 XXXII.
491 2709 549 2744 Ut
567 2708 823 2743 AEdilbercto
841 2707 928 2752 regi
943 2671 1110 2743 litteras
1128 2710 1170 2743 et
1189 2709 1298 2744 dona
1316 2708 1477 2744 miserit
1522 2735 1529 2743 .

284 2773 480 2807 XXXIII.
512 2773 569 2807 Ut
585 2771 845 2816 Augustinus
858 2772 1075 2807 ecclesiam
1088 2772 1294 2808 Saluator
1284 2784 1318 2807 is
1329 2771 1643 2816 instaurauerit‚
1656 2775 1697 2807 et
1711 2783 1872 2808 monas-

1876 210 1956 233 PAG.

1855 386 1863 393 .
1918 371 1963 402 31)

1857 485 1961 516 ·33

1849 664 1858 673 .
1906 637 1960 672 ih.

1858 1373 1867 1381 ·
1923 1358 1967 1391 39

1860 2646 1973 2680 ,66

1865 2711 1973 2754 .67

432 2822 587 2858 terium
597 2822 709 2857 beati
722 2821 836 2857 Petri
847 2822 1023 2866 apostoli
1037 2822 1182 2858 fecerit
1198 2836 1206 2867 ;
1226 2826 1268 2859 et
1283 2824 1333 2858 de
1345 2822 1480 2867 primo
1491 2822 1578 2858 eius
1593 2823 1741 2857 abbate
1754 2822 1878 2858 Petro
1932 2835 1974 2867 7o

285 2887 472 2922 XXXIV.
503 2888 560 2922 Ut
595 2886 806 2921 Aedilfrid
850 2897 922 2921 rex
962 2886 1413 2931 Nordanhymbrorum
1445 2887 1684 2922 Scottorum
1727 2888 1873 2930 gentes

434 2937 589 2981 proelio
612 2940 831 2972 conterens
848 2937 901 2972 ab
919 2936 1153 2981 Anglorum
1171 2937 1326 2973 finibus
1344 2935 1573 2981 expulerit¹
1639 2965 1646 2973 .

1868 2947 1969 2980 ,71

329 3080 338 3098 ¹
362 3077 470 3108 After
497 3076 560 3107 the
586 3076 747 3116 capitula
777 3075 817 3106 of
846 3075 947 3106 Book
973 3075 1012 3107 1:
1046 3076 1255 3115 expliciunt
1277 3075 1449 3116 capitula,
1476 3075 1608 3116 incipit
1633 3076 1707 3116 ipse
1732 3075 1833 3116 liber,
1862 3076 1908 3109 M.
1926 3076 1972 3108 N.

289 3120 422 3159 Incipit
439 3119 532 3150 liber
548 3119 689 3159 primus
705 3119 965 3150 ecclesiasticae
983 3118 1155 3150 historiae
1172 3119 1290 3159 gentis
1304 3119 1508 3159 anglorum,
1525 3118 1563 3151 C.
