<?xml version="1.0" encoding="UTF-8"?>
<!DOCTYPE html PUBLIC "-//W3C//DTD XHTML 1.0 Transitional//EN"
    "http://www.w3.org/TR/xhtml1/DTD/xhtml1-transitional.dtd">
<html xmlns="http://www.w3.org/1999/xhtml" xml:lang="en" lang="en">
 <head>
  <title>
</title>
<meta http-equiv="Content-Type" content="text/html;charset=utf-8" />
  <meta name='ocr-system' content='tesseract 3.04.00' />
  <meta name='ocr-capabilities' content='ocr_page ocr_carea ocr_par ocr_line ocrx_word'/>
</head>
<body>
  <div class='ocr_page' id='page_1' title='image "./venerabilisbaeda01bede_0436.png"; bbox 0 0 2240 3444; ppageno 0'>
   <div class='ocr_carea' id='block_1_1' title="bbox 81 687 271 830">
    <p class='ocr_par' dir='ltr' id='par_1_1' title="bbox 81 687 271 830">
     <span class='ocr_line' id='line_1_1' title="bbox 81 687 271 722; baseline -0.005 -1"><span class='ocrx_word' id='word_1_1' title='bbox 81 687 271 722; x_wconf 80' lang='lat' dir='ltr'>Founda-</span> 
     </span>
     <span class='ocr_line' id='line_1_2' title="bbox 81 736 236 771; baseline -0.006 0"><span class='ocrx_word' id='word_1_2' title='bbox 81 738 172 771; x_wconf 86' lang='lat' dir='ltr'>tion</span> <span class='ocrx_word' id='word_1_3' title='bbox 191 736 236 771; x_wconf 88' lang='lat' dir='ltr'>of</span> 
     </span>
     <span class='ocr_line' id='line_1_3' title="bbox 83 787 233 830; baseline -0.02 -7"><span class='ocrx_word' id='word_1_4' title='bbox 83 787 233 830; x_wconf 81' lang='lat' dir='ltr'>Selsey.</span> 
     </span>
    </p>
   </div>
   <div class='ocr_carea' id='block_1_2' title="bbox 102 2884 338 2978">
    <p class='ocr_par' dir='ltr' id='par_1_2' title="bbox 102 2884 338 2978">
     <span class='ocr_line' id='line_1_4' title="bbox 102 2884 338 2920; baseline -0.004 -1"><span class='ocrx_word' id='word_1_5' title='bbox 102 2884 274 2920; x_wconf 79' lang='lat' dir='ltr'>Miracle</span> <span class='ocrx_word' id='word_1_6' title='bbox 294 2886 338 2919; x_wconf 86' lang='lat' dir='ltr'>at</span> 
     </span>
     <span class='ocr_line' id='line_1_5' title="bbox 104 2935 253 2978; baseline -0.02 -7"><span class='ocrx_word' id='word_1_7' title='bbox 104 2935 253 2978; x_wconf 85' lang='lat' dir='ltr'>Selsey.</span> 
     </span>
    </p>
   </div>
   <div class='ocr_carea' id='block_1_3' title="bbox 368 114 1972 174">
    <p class='ocr_par' dir='ltr' id='par_1_3' title="bbox 368 114 1972 174">
     <span class='ocr_line' id='line_1_6' title="bbox 368 114 1972 174; baseline -0.003 -3"><span class='ocrx_word' id='word_1_8' title='bbox 368 121 475 171; x_wconf 77' lang='lat'>232</span> <span class='ocrx_word' id='word_1_9' title='bbox 832 116 1096 171; x_wconf 66' lang='lat' dir='ltr'>Historia</span> <span class='ocrx_word' id='word_1_10' title='bbox 1132 114 1525 169; x_wconf 70' lang='lat' dir='ltr'>Ecclesiastiea</span> <span class='ocrx_word' id='word_1_11' title='bbox 1770 121 1880 174; x_wconf 73' lang='lat' dir='ltr'><strong>[Lm.</strong></span> <span class='ocrx_word' id='word_1_12' title='bbox 1902 126 1972 166; x_wconf 87' lang='lat' dir='ltr'>lv.</span> 
     </span>
    </p>
   </div>
   <div class='ocr_carea' id='block_1_4' title="bbox 368 256 1995 2495">
    <p class='ocr_par' dir='ltr' id='par_1_4' title="bbox 368 256 1978 649">
     <span class='ocr_line' id='line_1_7' title="bbox 368 256 1974 325; baseline -0.004 -14"><span class='ocrx_word' id='word_1_13' title='bbox 368 262 498 311; x_wconf 88' lang='lat' dir='ltr'>retia</span> <span class='ocrx_word' id='word_1_14' title='bbox 522 263 826 325; x_wconf 88' lang='lat' dir='ltr'>acceperant</span> <span class='ocrx_word' id='word_1_15' title='bbox 842 258 871 323; x_wconf 80' lang='lat'>¹,</span> <span class='ocrx_word' id='word_1_16' title='bbox 897 263 1112 309; x_wconf 89' lang='lat' dir='ltr'>centum</span> <span class='ocrx_word' id='word_1_17' title='bbox 1136 260 1193 308; x_wconf 89' lang='lat' dir='ltr'>in</span> <span class='ocrx_word' id='word_1_18' title='bbox 1214 276 1335 308; x_wconf 90' lang='lat' dir='ltr'>suos</span> <span class='ocrx_word' id='word_1_19' title='bbox 1361 276 1486 307; x_wconf 92' lang='lat' dir='ltr'>usus</span> <span class='ocrx_word' id='word_1_20' title='bbox 1504 258 1783 306; x_wconf 85' lang='lat' dir='ltr'>habebant.</span> <span class='ocrx_word' id='word_1_21' title='bbox 1862 256 1974 318; x_wconf 80' lang='lat' dir='ltr'>Quo</span> 
     </span>
     <span class='ocr_line' id='line_1_8' title="bbox 368 341 1976 395; baseline -0.004 -1"><span class='ocrx_word' id='word_1_22' title='bbox 368 346 622 395; x_wconf 88' lang='lat' dir='ltr'>beneficio</span> <span class='ocrx_word' id='word_1_23' title='bbox 671 345 904 393; x_wconf 90' lang='lat' dir='ltr'>multum</span> <span class='ocrx_word' id='word_1_24' title='bbox 951 344 1206 392; x_wconf 74' lang='lat' dir='ltr'>antistes2</span> <span class='ocrx_word' id='word_1_25' title='bbox 1267 360 1352 391; x_wconf 90' lang='lat' dir='ltr'>cor</span> <span class='ocrx_word' id='word_1_26' title='bbox 1412 342 1653 391; x_wconf 87' lang='lat' dir='ltr'>omnium</span> <span class='ocrx_word' id='word_1_27' title='bbox 1713 341 1770 389; x_wconf 90' lang='lat' dir='ltr'>in</span> <span class='ocrx_word' id='word_1_28' title='bbox 1819 357 1976 388; x_wconf 92' lang='lat' dir='ltr'>suum</span> 
     </span>
     <span class='ocr_line' id='line_1_9' title="bbox 372 423 1977 490; baseline -0.005 -12"><span class='ocrx_word' id='word_1_29' title='bbox 372 430 630 479; x_wconf 86' lang='lat' dir='ltr'>conuertit</span> <span class='ocrx_word' id='word_1_30' title='bbox 655 445 901 490; x_wconf 89' lang='lat' dir='ltr'>amorem,</span> <span class='ocrx_word' id='word_1_31' title='bbox 933 430 984 476; x_wconf 89' lang='lat' dir='ltr'>et</span> <span class='ocrx_word' id='word_1_32' title='bbox 1010 428 1262 476; x_wconf 85' lang='lat' dir='ltr'>libentius</span> <span class='ocrx_word' id='word_1_33' title='bbox 1287 444 1345 475; x_wconf 93' lang='lat' dir='ltr'>eo</span> <span class='ocrx_word' id='word_1_34' title='bbox 1378 426 1710 490; x_wconf 68' lang='lat' dir='ltr'>praedicante</span> <span class='ocrx_word' id='word_1_35' title='bbox 1736 423 1977 472; x_wconf 84' lang='lat' dir='ltr'>caelestia</span> 
     </span>
     <span class='ocr_line' id='line_1_10' title="bbox 372 506 1978 577; baseline -0.005 -15"><span class='ocrx_word' id='word_1_36' title='bbox 372 530 575 577; x_wconf 87' lang='lat' dir='ltr'>sperare</span> <span class='ocrx_word' id='word_1_37' title='bbox 619 514 912 575; x_wconf 87' lang='lat' dir='ltr'>coeperunt,</span> <span class='ocrx_word' id='word_1_38' title='bbox 961 512 1108 560; x_wconf 92' lang='lat' dir='ltr'>cuius</span> <span class='ocrx_word' id='word_1_39' title='bbox 1150 510 1444 559; x_wconf 89' lang='lat' dir='ltr'>ministerio</span> <span class='ocrx_word' id='word_1_40' title='bbox 1486 508 1798 572; x_wconf 86' lang='lat' dir='ltr'>temporalia</span> <span class='ocrx_word' id='word_1_41' title='bbox 1840 506 1978 555; x_wconf 85' lang='lat' dir='ltr'>bona</span> 
     </span>
     <span class='ocr_line' id='line_1_11' title="bbox 372 599 1950 649; baseline -0.003 -3"><span class='ocrx_word' id='word_1_42' title='bbox 372 599 688 646; x_wconf 89' lang='lat' dir='ltr'>sumserunt.</span> <span class='ocrx_word' id='word_1_43' title='bbox 1943 645 1950 649; x_wconf 60' lang='grc'><strong>,</strong></span> 
     </span>
    </p>

    <p class='ocr_par' dir='ltr' id='par_1_5' title="bbox 373 671 1995 2495">
     <span class='ocr_line' id='line_1_12' title="bbox 443 671 1979 738; baseline -0.004 -14"><span class='ocrx_word' id='word_1_44' title='bbox 443 677 555 738; x_wconf 75' lang='lat' dir='ltr'>Quo</span> <span class='ocrx_word' id='word_1_45' title='bbox 580 679 814 738; x_wconf 91' lang='lat' dir='ltr'>tempore</span> <span class='ocrx_word' id='word_1_46' title='bbox 839 691 921 724; x_wconf 66' lang='lat' dir='ltr'>rex</span> <span class='ocrx_word' id='word_1_47' title='bbox 939 674 1253 723; x_wconf 86' lang='lat' dir='ltr'>Aedilualch</span> <span class='ocrx_word' id='word_1_48' title='bbox 1271 674 1287 698; x_wconf 77' lang='lat'><strong>3</strong></span> <span class='ocrx_word' id='word_1_49' title='bbox 1314 673 1531 722; x_wconf 89' lang='lat' dir='ltr'>donauit</span> <span class='ocrx_word' id='word_1_50' title='bbox 1551 671 1979 720; x_wconf 88' lang='lat' dir='ltr'>reuerentissimo</span> 
     </span>
     <span class='ocr_line' id='line_1_13' title="bbox 373 754 1981 816; baseline -0.005 -7"><span class='ocrx_word' id='word_1_51' title='bbox 373 761 601 809; x_wconf 72' lang='lat' dir='ltr'>antistiti</span> <span class='ocrx_word' id='word_1_52' title='bbox 641 760 872 809; x_wconf 82' lang='lat' dir='ltr'>Uilfrido</span> <span class='ocrx_word' id='word_1_53' title='bbox 915 764 1097 807; x_wconf 71' lang='lat' dir='ltr'>terram</span> <span class='ocrx_word' id='word_1_54' title='bbox 1136 758 1475 806; x_wconf 85' lang='lat' dir='ltr'><strong><em>LXXXVII</em></strong></span> <span class='ocrx_word' id='word_1_55' title='bbox 1511 756 1845 816; x_wconf 80' lang='lat' dir='ltr'>familiarum,</span> <span class='ocrx_word' id='word_1_56' title='bbox 1890 754 1981 802; x_wconf 88' lang='lat' dir='ltr'>ubi</span> 
     </span>
     <span class='ocr_line' id='line_1_14' title="bbox 373 840 1977 905; baseline -0.004 -13"><span class='ocrx_word' id='word_1_57' title='bbox 373 861 494 893; x_wconf 93' lang='lat' dir='ltr'>suos</span> <span class='ocrx_word' id='word_1_58' title='bbox 531 843 788 902; x_wconf 85' lang='lat' dir='ltr'>homines,</span> <span class='ocrx_word' id='word_1_59' title='bbox 821 842 911 905; x_wconf 88' lang='lat' dir='ltr'>qui</span> <span class='ocrx_word' id='word_1_60' title='bbox 945 843 1123 890; x_wconf 80' lang='lat' dir='ltr'>exules</span> <span class='ocrx_word' id='word_1_61' title='bbox 1153 842 1487 905; x_wconf 81' lang='lat' dir='ltr'>uagabantur,</span> <span class='ocrx_word' id='word_1_62' title='bbox 1521 840 1750 902; x_wconf 87' lang='lat' dir='ltr'>recipere</span> <span class='ocrx_word' id='word_1_63' title='bbox 1788 840 1977 900; x_wconf 87' lang='lat' dir='ltr'>posset,</span> 
     </span>
     <span class='ocr_line' id='line_1_15' title="bbox 374 921 1983 988; baseline -0.005 -11"><span class='ocrx_word' id='word_1_64' title='bbox 374 927 625 977; x_wconf 85' lang='lat' dir='ltr'>uocabulo</span> <span class='ocrx_word' id='word_1_65' title='bbox 670 926 927 975; x_wconf 70' lang='lat' dir='ltr'>Selaeseu4</span> <span class='ocrx_word' id='word_1_66' title='bbox 966 926 1104 988; x_wconf 89' lang='lat' dir='ltr'>quod</span> <span class='ocrx_word' id='word_1_67' title='bbox 1148 925 1339 974; x_wconf 88' lang='lat' dir='ltr'>dicitur</span> <span class='ocrx_word' id='word_1_68' title='bbox 1383 924 1569 972; x_wconf 81' lang='lat' dir='ltr'>Latine</span> <span class='ocrx_word' id='word_1_69' title='bbox 1609 923 1783 971; x_wconf 88' lang='lat' dir='ltr'>insula</span> <span class='ocrx_word' id='word_1_70' title='bbox 1824 921 1983 970; x_wconf 88' lang='lat' dir='ltr'>uituli</span> 
     </span>
     <span class='ocr_line' id='line_1_16' title="bbox 374 1007 1984 1072; baseline -0.004 -13"><span class='ocrx_word' id='word_1_71' title='bbox 374 1011 578 1059; x_wconf 88' lang='lat' dir='ltr'>marini.</span> <span class='ocrx_word' id='word_1_72' title='bbox 656 1011 751 1059; x_wconf 86' lang='lat' dir='ltr'>Est</span> <span class='ocrx_word' id='word_1_73' title='bbox 791 1010 934 1058; x_wconf 88' lang='lat' dir='ltr'>enim</span> <span class='ocrx_word' id='word_1_74' title='bbox 976 1011 1122 1058; x_wconf 93' lang='lat' dir='ltr'>locus</span> <span class='ocrx_word' id='word_1_75' title='bbox 1170 1009 1403 1072; x_wconf 87' lang='lat' dir='ltr'>undique</span> <span class='ocrx_word' id='word_1_76' title='bbox 1451 1008 1585 1056; x_wconf 87' lang='lat' dir='ltr'>mari</span> <span class='ocrx_word' id='word_1_77' title='bbox 1633 1007 1984 1055; x_wconf 88' lang='lat' dir='ltr'>circumdatus</span> 
     </span>
     <span class='ocr_line' id='line_1_17' title="bbox 375 1090 1984 1159; baseline -0.004 -16"><span class='ocrx_word' id='word_1_78' title='bbox 375 1099 579 1159; x_wconf 83' lang='lat' dir='ltr'>praeter</span> <span class='ocrx_word' id='word_1_79' title='bbox 621 1095 683 1143; x_wconf 89' lang='lat' dir='ltr'>ab</span> <span class='ocrx_word' id='word_1_80' title='bbox 727 1095 1009 1157; x_wconf 89' lang='lat' dir='ltr'>occidente,</span> <span class='ocrx_word' id='word_1_81' title='bbox 1063 1095 1202 1143; x_wconf 89' lang='lat' dir='ltr'>unde</span> <span class='ocrx_word' id='word_1_82' title='bbox 1249 1095 1407 1142; x_wconf 87' lang='lat' dir='ltr'>habet</span> <span class='ocrx_word' id='word_1_83' title='bbox 1455 1093 1754 1156; x_wconf 80' lang='lat' dir='ltr'>ingressum</span> <span class='ocrx_word' id='word_1_84' title='bbox 1803 1090 1984 1152; x_wconf 88' lang='lat' dir='ltr'>ampli-</span> 
     </span>
     <span class='ocr_line' id='line_1_18' title="bbox 375 1173 1985 1241; baseline -0.002 -15"><span class='ocrx_word' id='word_1_85' title='bbox 375 1179 579 1228; x_wconf 90' lang='lat' dir='ltr'>tudinis</span> <span class='ocrx_word' id='word_1_86' title='bbox 627 1179 775 1241; x_wconf 88' lang='lat' dir='ltr'>quasi</span> <span class='ocrx_word' id='word_1_87' title='bbox 822 1178 988 1226; x_wconf 89' lang='lat' dir='ltr'>iactus</span> <span class='ocrx_word' id='word_1_88' title='bbox 1035 1178 1261 1238; x_wconf 70' lang='lat' dir='ltr'>fundae,</span> <span class='ocrx_word' id='word_1_89' title='bbox 1307 1178 1476 1240; x_wconf 89' lang='lat' dir='ltr'>qualis</span> <span class='ocrx_word' id='word_1_90' title='bbox 1524 1177 1667 1224; x_wconf 92' lang='lat' dir='ltr'>locus</span> <span class='ocrx_word' id='word_1_91' title='bbox 1706 1192 1735 1223; x_wconf 91' lang='lat' dir='ltr'>a</span> <span class='ocrx_word' id='word_1_92' title='bbox 1778 1173 1985 1222; x_wconf 88' lang='lat' dir='ltr'>Latinis</span> 
     </span>
     <span class='ocr_line' id='line_1_19' title="bbox 374 1259 1985 1330; baseline -0.005 -17"><span class='ocrx_word' id='word_1_93' title='bbox 374 1264 696 1330; x_wconf 77' lang='lat' dir='ltr'>paeninsula,</span> <span class='ocrx_word' id='word_1_94' title='bbox 732 1280 761 1310; x_wconf 88' lang='lat' dir='ltr'>a</span> <span class='ocrx_word' id='word_1_95' title='bbox 797 1263 978 1310; x_wconf 78' lang='lat' dir='ltr'>Grecis</span> <span class='ocrx_word' id='word_1_96' title='bbox 1017 1263 1149 1310; x_wconf 92' lang='lat' dir='ltr'>solet</span> <span class='ocrx_word' id='word_1_97' title='bbox 1187 1263 1522 1310; x_wconf 74' lang='lat' dir='ltr'>cherronesos</span> <span class='ocrx_word' id='word_1_98' title='bbox 1559 1259 1744 1308; x_wconf 91' lang='lat' dir='ltr'>uocari.</span> <span class='ocrx_word' id='word_1_99' title='bbox 1822 1259 1985 1307; x_wconf 91' lang='lat' dir='ltr'>Hunc</span> 
     </span>
     <span class='ocr_line' id='line_1_20' title="bbox 376 1344 1986 1412; baseline -0.004 -15"><span class='ocrx_word' id='word_1_100' title='bbox 376 1366 496 1412; x_wconf 82' lang='lat' dir='ltr'>ergo</span> <span class='ocrx_word' id='word_1_101' title='bbox 522 1349 696 1396; x_wconf 89' lang='lat' dir='ltr'>locum</span> <span class='ocrx_word' id='word_1_102' title='bbox 728 1364 847 1396; x_wconf 90' lang='lat' dir='ltr'>cum</span> <span class='ocrx_word' id='word_1_103' title='bbox 881 1347 1162 1408; x_wconf 88' lang='lat' dir='ltr'>accepisset</span> <span class='ocrx_word' id='word_1_104' title='bbox 1196 1346 1468 1408; x_wconf 88' lang='lat' dir='ltr'>episcopus</span> <span class='ocrx_word' id='word_1_105' title='bbox 1503 1344 1713 1405; x_wconf 84' lang='lat' dir='ltr'>Uilfrid,</span> <span class='ocrx_word' id='word_1_106' title='bbox 1736 1344 1986 1404; x_wconf 68' lang='lat' dir='ltr'>fundauit</span> 
     </span>
     <span class='ocr_line' id='line_1_21' title="bbox 378 1426 1985 1492; baseline -0.004 -13"><span class='ocrx_word' id='word_1_107' title='bbox 378 1432 452 1479; x_wconf 88' lang='lat' dir='ltr'>ibi</span> <span class='ocrx_word' id='word_1_108' title='bbox 477 1431 870 1491; x_wconf 89' lang='lat' dir='ltr'>monasterium,</span> <span class='ocrx_word' id='word_1_109' title='bbox 902 1447 959 1478; x_wconf 90' lang='lat' dir='ltr'>ac</span> <span class='ocrx_word' id='word_1_110' title='bbox 993 1429 1221 1492; x_wconf 84' lang='lat' dir='ltr'>regulari</span> <span class='ocrx_word' id='word_1_111' title='bbox 1245 1430 1356 1477; x_wconf 91' lang='lat' dir='ltr'>uita</span> <span class='ocrx_word' id='word_1_112' title='bbox 1388 1428 1633 1488; x_wconf 85' lang='lat' dir='ltr'>instituit,</span> <span class='ocrx_word' id='word_1_113' title='bbox 1665 1426 1896 1475; x_wconf 85' lang='lat' dir='ltr'>maxime</span> <span class='ocrx_word' id='word_1_114' title='bbox 1922 1443 1985 1474; x_wconf 84' lang='lat' dir='ltr'>ex</span> 
     </span>
     <span class='ocr_line' id='line_1_22' title="bbox 378 1512 1987 1576; baseline -0.004 -13"><span class='ocrx_word' id='word_1_115' title='bbox 378 1515 476 1574; x_wconf 90' lang='lat' dir='ltr'>his,</span> <span class='ocrx_word' id='word_1_116' title='bbox 532 1531 661 1576; x_wconf 88' lang='lat' dir='ltr'>quos</span> <span class='ocrx_word' id='word_1_117' title='bbox 678 1516 693 1537; x_wconf 79' lang='grc'>·”</span> <span class='ocrx_word' id='word_1_118' title='bbox 744 1531 920 1562; x_wconf 89' lang='lat' dir='ltr'>secum</span> <span class='ocrx_word' id='word_1_119' title='bbox 969 1515 1267 1574; x_wconf 81' lang='lat' dir='ltr'>adduxerat,</span> <span class='ocrx_word' id='word_1_120' title='bbox 1312 1514 1600 1574; x_wconf 39' lang='lat' dir='ltr'>flamm&amp;</span> <span class='ocrx_word' id='word_1_121' title='bbox 1662 1512 1788 1572; x_wconf 74' lang='lat' dir='ltr'>quod</span> <span class='ocrx_word' id='word_1_122' title='bbox 1834 1525 1987 1571; x_wconf 72' lang='lat' dir='ltr'>usque</span> 
     </span>
     <span class='ocr_line' id='line_1_23' title="bbox 378 1593 1986 1655; baseline -0.004 -9"><span class='ocrx_word' id='word_1_123' title='bbox 378 1599 518 1646; x_wconf 73' lang='lat' dir='ltr'>hodie</span> <span class='ocrx_word' id='word_1_124' title='bbox 561 1614 880 1646; x_wconf 83' lang='lat' dir='ltr'>successores</span> <span class='ocrx_word' id='word_1_125' title='bbox 928 1599 1032 1646; x_wconf 66' lang='lat' dir='ltr'>eius</span> <span class='ocrx_word' id='word_1_126' title='bbox 1079 1599 1256 1644; x_wconf 85' lang='lat' dir='ltr'>tenere</span> <span class='ocrx_word' id='word_1_127' title='bbox 1304 1598 1608 1644; x_wconf 89' lang='lat' dir='ltr'>noscuntur.</span> <span class='ocrx_word' id='word_1_128' title='bbox 1687 1594 1825 1642; x_wconf 89' lang='lat' dir='ltr'>Nam</span> <span class='ocrx_word' id='word_1_129' title='bbox 1874 1593 1986 1655; x_wconf 89' lang='lat' dir='ltr'>ipse</span> 
     </span>
     <span class='ocr_line' id='line_1_24' title="bbox 379 1678 1985 1744; baseline -0.002 -16"><span class='ocrx_word' id='word_1_130' title='bbox 379 1682 484 1730; x_wconf 89' lang='lat' dir='ltr'>illis</span> <span class='ocrx_word' id='word_1_131' title='bbox 522 1681 579 1729; x_wconf 90' lang='lat' dir='ltr'>in</span> <span class='ocrx_word' id='word_1_132' title='bbox 617 1681 854 1744; x_wconf 85' lang='lat' dir='ltr'>partibus</span> <span class='ocrx_word' id='word_1_133' title='bbox 890 1698 1057 1729; x_wconf 87' lang='lat' dir='ltr'>annos</span> <span class='ocrx_word' id='word_1_134' title='bbox 1094 1681 1156 1741; x_wconf 92' lang='lat' dir='ltr'>V,</span> <span class='ocrx_word' id='word_1_135' title='bbox 1196 1681 1294 1728; x_wconf 92' lang='lat' dir='ltr'>hoc</span> <span class='ocrx_word' id='word_1_136' title='bbox 1338 1681 1416 1727; x_wconf 90' lang='lat' dir='ltr'>est</span> <span class='ocrx_word' id='word_1_137' title='bbox 1452 1696 1618 1742; x_wconf 86' lang='lat' dir='ltr'>usque</span> <span class='ocrx_word' id='word_1_138' title='bbox 1655 1678 1719 1726; x_wconf 89' lang='lat' dir='ltr'>ad</span> <span class='ocrx_word' id='word_1_139' title='bbox 1757 1679 1985 1725; x_wconf 89' lang='lat' dir='ltr'>mortem</span> 
     </span>
     <span class='ocr_line' id='line_1_25' title="bbox 381 1760 1985 1828; baseline -0.003 -15"><span class='ocrx_word' id='word_1_140' title='bbox 381 1765 613 1828; x_wconf 81' lang='lat' dir='ltr'>Ecgfridi</span> <span class='ocrx_word' id='word_1_141' title='bbox 680 1766 828 1828; x_wconf 81' lang='lat' dir='ltr'>regis,</span> <span class='ocrx_word' id='word_1_142' title='bbox 868 1765 1057 1813; x_wconf 89' lang='lat' dir='ltr'>merito</span> <span class='ocrx_word' id='word_1_143' title='bbox 1094 1764 1342 1812; x_wconf 87' lang='lat' dir='ltr'>omnibus</span> <span class='ocrx_word' id='word_1_144' title='bbox 1378 1762 1715 1822; x_wconf 84' lang='lat' dir='ltr'>honorabilis,</span> <span class='ocrx_word' id='word_1_145' title='bbox 1756 1760 1985 1809; x_wconf 86' lang='lat' dir='ltr'>officium</span> 
     </span>
     <span class='ocr_line' id='line_1_26' title="bbox 383 1845 1988 1911; baseline -0.004 -14"><span class='ocrx_word' id='word_1_146' title='bbox 383 1849 709 1911; x_wconf 85' lang='lat' dir='ltr'>episcopatus</span> <span class='ocrx_word' id='word_1_147' title='bbox 735 1851 785 1896; x_wconf 87' lang='lat' dir='ltr'>et</span> <span class='ocrx_word' id='word_1_148' title='bbox 815 1849 973 1896; x_wconf 84' lang='lat' dir='ltr'>uerbo</span> <span class='ocrx_word' id='word_1_149' title='bbox 1007 1849 1276 1897; x_wconf 77' lang='lat' dir='ltr'>exercebat</span> <span class='ocrx_word' id='word_1_150' title='bbox 1310 1850 1361 1896; x_wconf 93' lang='lat' dir='ltr'>et</span> <span class='ocrx_word' id='word_1_151' title='bbox 1396 1864 1562 1910; x_wconf 89' lang='lat' dir='ltr'>opere.</span> <span class='ocrx_word' id='word_1_152' title='bbox 1641 1847 1711 1894; x_wconf 88' lang='lat' dir='ltr'>Et</span> <span class='ocrx_word' id='word_1_153' title='bbox 1738 1845 1988 1908; x_wconf 89' lang='lat' dir='ltr'>quoniam</span> 
     </span>
     <span class='ocr_line' id='line_1_27' title="bbox 383 1927 1991 1994; baseline -0.003 -15"><span class='ocrx_word' id='word_1_154' title='bbox 383 1932 493 1979; x_wconf 88' lang='lat' dir='ltr'>illi⁷</span> <span class='ocrx_word' id='word_1_155' title='bbox 543 1949 634 1980; x_wconf 82' lang='lat' dir='ltr'>rex</span> <span class='ocrx_word' id='word_1_156' title='bbox 684 1949 805 1980; x_wconf 90' lang='lat' dir='ltr'>cum</span> <span class='ocrx_word' id='word_1_157' title='bbox 846 1932 1077 1994; x_wconf 78' lang='lat' dir='ltr'>praefata</span> <span class='ocrx_word' id='word_1_158' title='bbox 1118 1932 1219 1979; x_wconf 91' lang='grc'>1001</span> <span class='ocrx_word' id='word_1_159' title='bbox 1257 1931 1582 1994; x_wconf 89' lang='lat' dir='ltr'>possessione</span> <span class='ocrx_word' id='word_1_160' title='bbox 1625 1945 1821 1990; x_wconf 87' lang='lat' dir='ltr'>omnes,</span> <span class='ocrx_word' id='word_1_161' title='bbox 1865 1927 1991 1991; x_wconf 71' lang='lat' dir='ltr'>qui8</span> 
     </span>
     <span class='ocr_line' id='line_1_28' title="bbox 383 2013 1991 2078; baseline -0.002 -15"><span class='ocrx_word' id='word_1_162' title='bbox 383 2015 582 2064; x_wconf 86' lang='lat' dir='ltr'>ibidem</span> <span class='ocrx_word' id='word_1_163' title='bbox 622 2018 782 2077; x_wconf 87' lang='lat' dir='ltr'>erant,</span> <span class='ocrx_word' id='word_1_164' title='bbox 825 2016 1099 2063; x_wconf 82' lang='lat' dir='ltr'>facultates</span> <span class='ocrx_word' id='word_1_165' title='bbox 1140 2033 1260 2063; x_wconf 89' lang='lat' dir='ltr'>cum</span> <span class='ocrx_word' id='word_1_166' title='bbox 1301 2015 1439 2078; x_wconf 82' lang='lat' dir='ltr'>agris</span> <span class='ocrx_word' id='word_1_167' title='bbox 1477 2017 1528 2062; x_wconf 89' lang='lat' dir='ltr'>et</span> <span class='ocrx_word' id='word_1_168' title='bbox 1568 2013 1874 2062; x_wconf 89' lang='lat' dir='ltr'>hominibus</span> <span class='ocrx_word' id='word_1_169' title='bbox 1909 2013 1991 2060; x_wconf 91' lang='lat' dir='ltr'>do·</span> 
     </span>
     <span class='ocr_line' id='line_1_29' title="bbox 385 2095 1992 2159; baseline -0.003 -12"><span class='ocrx_word' id='word_1_170' title='bbox 385 2099 547 2158; x_wconf 81' lang='lat' dir='ltr'>nauit,</span> <span class='ocrx_word' id='word_1_171' title='bbox 591 2115 774 2147; x_wconf 87' lang='lat' dir='ltr'>omnes</span> <span class='ocrx_word' id='word_1_172' title='bbox 807 2098 910 2147; x_wconf 90' lang='lat' dir='ltr'>fide</span> <span class='ocrx_word' id='word_1_173' title='bbox 943 2099 1141 2148; x_wconf 84' lang='lat' dir='ltr'>Christi</span> <span class='ocrx_word' id='word_1_174' title='bbox 1173 2099 1459 2159; x_wconf 90' lang='lat' dir='ltr'>institutos,</span> <span class='ocrx_word' id='word_1_175' title='bbox 1492 2099 1635 2146; x_wconf 88' lang='lat' dir='ltr'>unda</span> <span class='ocrx_word' id='word_1_176' title='bbox 1658 2095 1992 2159; x_wconf 87' lang='lat' dir='ltr'>baptismatis</span> 
     </span>
     <span class='ocr_line' id='line_1_30' title="bbox 386 2179 1993 2245; baseline -0.002 -16"><span class='ocrx_word' id='word_1_177' title='bbox 386 2181 552 2230; x_wconf 85' lang='lat' dir='ltr'>abluit</span> <span class='ocrx_word' id='word_1_178' title='bbox 578 2200 589 2242; x_wconf 83' lang='lat'><em>3</em></span> <span class='ocrx_word' id='word_1_179' title='bbox 627 2182 765 2230; x_wconf 90' lang='lat' dir='ltr'>inter</span> <span class='ocrx_word' id='word_1_180' title='bbox 791 2199 934 2245; x_wconf 88' lang='lat' dir='ltr'>quos,</span> <span class='ocrx_word' id='word_1_181' title='bbox 968 2199 1146 2230; x_wconf 89' lang='lat' dir='ltr'>seruos</span> <span class='ocrx_word' id='word_1_182' title='bbox 1184 2184 1236 2230; x_wconf 91' lang='lat' dir='ltr'>et</span> <span class='ocrx_word' id='word_1_183' title='bbox 1270 2182 1486 2230; x_wconf 87' lang='lat' dir='ltr'>ancillas</span> <span class='ocrx_word' id='word_1_184' title='bbox 1521 2179 1805 2229; x_wconf 83' lang='lat' dir='ltr'>ducentos⁹</span> <span class='ocrx_word' id='word_1_185' title='bbox 1846 2179 1993 2241; x_wconf 90' lang='lat' dir='ltr'>quin-</span> 
     </span>
     <span class='ocr_line' id='line_1_31' title="bbox 389 2262 1994 2328; baseline -0.002 -16"><span class='ocrx_word' id='word_1_186' title='bbox 389 2265 673 2328; x_wconf 78' lang='lat' dir='ltr'>quaginta3</span> <span class='ocrx_word' id='word_1_187' title='bbox 712 2282 842 2327; x_wconf 86' lang='lat' dir='ltr'>quos</span> <span class='ocrx_word' id='word_1_188' title='bbox 881 2282 1064 2313; x_wconf 89' lang='lat' dir='ltr'>omnes</span> <span class='ocrx_word' id='word_1_189' title='bbox 1093 2267 1151 2313; x_wconf 90' lang='lat' dir='ltr'>ut</span> <span class='ocrx_word' id='word_1_190' title='bbox 1188 2265 1499 2327; x_wconf 85' lang='lat' dir='ltr'>baptizando</span> <span class='ocrx_word' id='word_1_191' title='bbox 1531 2281 1561 2312; x_wconf 91' lang='lat' dir='ltr'>a</span> <span class='ocrx_word' id='word_1_192' title='bbox 1591 2263 1845 2311; x_wconf 86' lang='lat' dir='ltr'>seruitute</span> <span class='ocrx_word' id='word_1_193' title='bbox 1882 2262 1994 2310; x_wconf 92' lang='lat' dir='ltr'>dae·</span> 
     </span>
     <span class='ocr_line' id='line_1_32' title="bbox 387 2347 1995 2405; baseline -0.002 -9"><span class='ocrx_word' id='word_1_194' title='bbox 387 2349 594 2397; x_wconf 90' lang='lat' dir='ltr'>monica</span> <span class='ocrx_word' id='word_1_195' title='bbox 642 2348 878 2405; x_wconf 86' lang='lat' dir='ltr'>saluauit,</span> <span class='ocrx_word' id='word_1_196' title='bbox 930 2349 1090 2397; x_wconf 89' lang='lat' dir='ltr'>etiam</span> <span class='ocrx_word' id='word_1_197' title='bbox 1137 2348 1380 2396; x_wconf 83' lang='lat' dir='ltr'>libertate</span> <span class='ocrx_word' id='word_1_198' title='bbox 1430 2347 1673 2396; x_wconf 89' lang='lat' dir='ltr'>donando</span> <span class='ocrx_word' id='word_1_199' title='bbox 1733 2347 1995 2395; x_wconf 90' lang='lat' dir='ltr'>humanae</span> 
     </span>
     <span class='ocr_line' id='line_1_33' title="bbox 387 2432 1071 2495; baseline 0.001 -16"><span class='ocrx_word' id='word_1_200' title='bbox 387 2432 509 2495; x_wconf 82' lang='lat' dir='ltr'>iugo</span> <span class='ocrx_word' id='word_1_201' title='bbox 536 2432 807 2481; x_wconf 85' lang='lat' dir='ltr'>seruitutis</span> <span class='ocrx_word' id='word_1_202' title='bbox 831 2433 1071 2481; x_wconf 84' lang='lat' dir='ltr'>absoluit.</span> 
     </span>
    </p>
   </div>
   <div class='ocr_carea' id='block_1_5' title="bbox 986 2625 1330 2694">
    <p class='ocr_par' dir='ltr' id='par_1_6' title="bbox 986 2625 1396 2694">
     <span class='ocr_line' id='line_1_34' title="bbox 986 2625 1330 2694; baseline -0.002 -17"><span class='ocrx_word' id='word_1_203' title='bbox 986 2625 1163 2694; x_wconf 75' lang='lat' dir='ltr'><strong>[CAP.</strong></span> <span class='ocrx_word' id='word_1_204' title='bbox 1197 2627 1396 2676; x_wconf 88' lang='lat' dir='ltr'>XIV</span> 
     </span>
    </p>
   </div>
   <div class='ocr_carea' id='block_1_6' title="bbox 526 2752 1867 2805">
    <p class='ocr_par' dir='ltr' id='par_1_7' title="bbox 526 2752 1867 2805">
     <span class='ocr_line' id='line_1_35' title="bbox 526 2752 1867 2805; baseline -0.001 -11"><span class='ocrx_word' id='word_1_205' title='bbox 526 2759 571 2794; x_wconf 73' lang='lat' dir='ltr'>Ut</span> <span class='ocrx_word' id='word_1_206' title='bbox 590 2758 855 2794; x_wconf 69' lang='lat' dir='ltr'>intercessione</span> <span class='ocrx_word' id='word_1_207' title='bbox 877 2757 1037 2794; x_wconf 71' lang='lat' dir='ltr'>Osualclz·</span> <span class='ocrx_word' id='word_1_208' title='bbox 1056 2757 1156 2802; x_wconf 62' lang='lat' dir='ltr'>reglis</span> <span class='ocrx_word' id='word_1_209' title='bbox 1167 2756 1352 2802; x_wconf 67' lang='lat' dir='ltr'>pestifera</span> <span class='ocrx_word' id='word_1_210' title='bbox 1372 2757 1589 2792; x_wconf 71' lang='lat' dir='ltr'>mortalitas</span> <span class='ocrx_word' id='word_1_211' title='bbox 1607 2757 1657 2791; x_wconf 73' lang='lat' dir='ltr'>sit</span> <span class='ocrx_word' id='word_1_212' title='bbox 1676 2752 1867 2805; x_wconf 49' lang='lat' dir='ltr'>sublatam]</span> 
     </span>
    </p>
   </div>
   <div class='ocr_carea' id='block_1_7' title="bbox 394 2868 1998 3017">
    <p class='ocr_par' dir='ltr' id='par_1_8' title="bbox 394 2868 1998 3017">
     <span class='ocr_line' id='line_1_36' title="bbox 462 2868 1996 2934; baseline -0.003 -14"><span class='ocrx_word' id='word_1_213' title='bbox 462 2871 527 2919; x_wconf 86' lang='lat' dir='ltr'>IN</span> <span class='ocrx_word' id='word_1_214' title='bbox 568 2889 670 2934; x_wconf 88' lang='lat' dir='ltr'>quo</span> <span class='ocrx_word' id='word_1_215' title='bbox 711 2874 838 2919; x_wconf 91' lang='lat' dir='ltr'>tunc</span> <span class='ocrx_word' id='word_1_216' title='bbox 881 2869 1198 2918; x_wconf 87' lang='lat' dir='ltr'>monasterio</span> <span class='ocrx_word' id='word_1_217' title='bbox 1236 2869 1492 2916; x_wconf 84' lang='lat' dir='ltr'>nonnulla</span> <span class='ocrx_word' id='word_1_218' title='bbox 1528 2868 1764 2916; x_wconf 87' lang='lat' dir='ltr'>caelestis</span> <span class='ocrx_word' id='word_1_219' title='bbox 1800 2868 1996 2931; x_wconf 83' lang='lat' dir='ltr'>gratiae</span> 
     </span>
     <span class='ocr_line' id='line_1_37' title="bbox 394 2952 1998 3017; baseline -0.002 -15"><span class='ocrx_word' id='word_1_220' title='bbox 394 2955 528 3003; x_wconf 88' lang='lat' dir='ltr'>dona</span> <span class='ocrx_word' id='word_1_221' title='bbox 576 2954 867 3017; x_wconf 89' lang='lat' dir='ltr'>specialiter</span> <span class='ocrx_word' id='word_1_222' title='bbox 916 2956 1123 3002; x_wconf 86' lang='lat' dir='ltr'>ostensa</span> <span class='ocrx_word' id='word_1_223' title='bbox 1171 2952 1330 3000; x_wconf 88' lang='lat' dir='ltr'>fuisse</span> <span class='ocrx_word' id='word_1_224' title='bbox 1380 2952 1757 3014; x_wconf 80' lang='lat' dir='ltr'>perhibentur3</span> <span class='ocrx_word' id='word_1_225' title='bbox 1816 2953 1998 3015; x_wconf 86' lang='lat' dir='ltr'>utpote</span> 
     </span>
    </p>
   </div>
   <div class='ocr_carea' id='block_1_8' title="bbox 395 3076 1996 3261">
    <p class='ocr_par' dir='ltr' id='par_1_9' title="bbox 395 3076 1996 3261">
     <span class='ocr_line' id='line_1_38' title="bbox 450 3076 1996 3127; baseline -0.002 -9"><span class='ocrx_word' id='word_1_226' title='bbox 450 3076 462 3098; x_wconf 87' lang='lat'>¹</span> <span class='ocrx_word' id='word_1_227' title='bbox 493 3082 619 3119; x_wconf 87' lang='lat' dir='ltr'>-runt</span> <span class='ocrx_word' id='word_1_228' title='bbox 642 3081 686 3124; x_wconf 83' lang='lat' dir='ltr'>C,</span> <span class='ocrx_word' id='word_1_229' title='bbox 705 3084 787 3119; x_wconf 76' lang='lat' dir='ltr'>&lt;md</span> <span class='ocrx_word' id='word_1_230' title='bbox 806 3094 844 3119; x_wconf 83' lang='lat' dir='ltr'>so</span> <span class='ocrx_word' id='word_1_231' title='bbox 865 3084 1008 3127; x_wconf 75' lang='lat' dir='ltr'>atfirst</span> <span class='ocrx_word' id='word_1_232' title='bbox 1030 3079 1089 3119; x_wconf 92' lang='lat' dir='ltr'>M.</span> <span class='ocrx_word' id='word_1_233' title='bbox 1165 3077 1180 3099; x_wconf 82' lang='lat'><strong>²</strong></span> <span class='ocrx_word' id='word_1_234' title='bbox 1209 3079 1393 3118; x_wconf 81' lang='lat' dir='ltr'>antistis</span> <span class='ocrx_word' id='word_1_235' title='bbox 1415 3079 1474 3118; x_wconf 93' lang='lat' dir='ltr'>M.</span> <span class='ocrx_word' id='word_1_236' title='bbox 1550 3078 1564 3099; x_wconf 82' lang='grc'><strong>3</strong></span> <span class='ocrx_word' id='word_1_237' title='bbox 1593 3078 1723 3116; x_wconf 85' lang='lat' dir='ltr'>-ualh</span> <span class='ocrx_word' id='word_1_238' title='bbox 1746 3077 1794 3117; x_wconf 85' lang='lat' dir='ltr'>C.</span> <span class='ocrx_word' id='word_1_239' title='bbox 1889 3077 1902 3099; x_wconf 70' lang='lat'><strong>⁴</strong></span> <span class='ocrx_word' id='word_1_240' title='bbox 1934 3089 1996 3116; x_wconf 88' lang='lat' dir='ltr'>se-</span> 
     </span>
     <span class='ocr_line' id='line_1_39' title="bbox 395 3142 1995 3195; baseline -0.001 -11"><span class='ocrx_word' id='word_1_241' title='bbox 395 3146 476 3184; x_wconf 81' lang='lat' dir='ltr'>les·</span> <span class='ocrx_word' id='word_1_242' title='bbox 499 3147 531 3185; x_wconf 85' lang='lat' dir='ltr'>C</span> <span class='ocrx_word' id='word_1_243' title='bbox 555 3159 563 3194; x_wconf 92' lang='lat'>;</span> <span class='ocrx_word' id='word_1_244' title='bbox 600 3148 756 3186; x_wconf 85' lang='lat' dir='ltr'>selaes-</span> <span class='ocrx_word' id='word_1_245' title='bbox 777 3148 816 3186; x_wconf 90' lang='lat' dir='ltr'>N</span> <span class='ocrx_word' id='word_1_246' title='bbox 836 3160 845 3195; x_wconf 82' lang='lat'><em>3</em></span> <span class='ocrx_word' id='word_1_247' title='bbox 886 3148 963 3185; x_wconf 88' lang='lat' dir='ltr'>-ei-</span> <span class='ocrx_word' id='word_1_248' title='bbox 987 3146 1054 3186; x_wconf 51' lang='grc' dir='ltr'>ΒΖ.</span> <span class='ocrx_word' id='word_1_249' title='bbox 1141 3145 1155 3167; x_wconf 88' lang='lat'>⁵</span> <span class='ocrx_word' id='word_1_250' title='bbox 1187 3147 1289 3194; x_wconf 91' lang='lat' dir='ltr'>quis</span> <span class='ocrx_word' id='word_1_251' title='bbox 1313 3145 1389 3184; x_wconf 69' lang='lat' dir='ltr'>Ml.</span> <span class='ocrx_word' id='word_1_252' title='bbox 1494 3143 1507 3163; x_wconf 70' lang='lat'>‘³</span> <span class='ocrx_word' id='word_1_253' title='bbox 1537 3157 1606 3194; x_wconf 80' lang='lat' dir='ltr'>eg·</span> <span class='ocrx_word' id='word_1_254' title='bbox 1628 3146 1683 3184; x_wconf 95' lang='lat' dir='ltr'>N.</span> <span class='ocrx_word' id='word_1_255' title='bbox 1761 3142 1775 3164; x_wconf 83' lang='lat'>⁷</span> <span class='ocrx_word' id='word_1_256' title='bbox 1820 3143 1914 3182; x_wconf 85' lang='lat' dir='ltr'>illis</span> <span class='ocrx_word' id='word_1_257' title='bbox 1935 3143 1995 3183; x_wconf 89' lang='lat' dir='ltr'>M.</span> 
     </span>
     <span class='ocr_line' id='line_1_40' title="bbox 397 3210 1996 3261; baseline 0 -12"><span class='ocrx_word' id='word_1_258' title='bbox 397 3212 411 3235; x_wconf 76' lang='lat'>⁸</span> <span class='ocrx_word' id='word_1_259' title='bbox 440 3224 553 3261; x_wconf 78' lang='lat' dir='ltr'>quae</span> <span class='ocrx_word' id='word_1_260' title='bbox 576 3214 620 3253; x_wconf 87' lang='lat' dir='ltr'>C.</span> <span class='ocrx_word' id='word_1_261' title='bbox 647 3214 696 3252; x_wconf 91' lang='lat' dir='ltr'>N.</span> <span class='ocrx_word' id='word_1_262' title='bbox 810 3213 824 3234; x_wconf 79' lang='lat'>⁹</span> <span class='ocrx_word' id='word_1_263' title='bbox 853 3215 940 3252; x_wconf 87' lang='lat' dir='ltr'>-tas</span> <span class='ocrx_word' id='word_1_264' title='bbox 962 3212 1009 3252; x_wconf 85' lang='lat' dir='ltr'>O.</span> <span class='ocrx_word' id='word_1_265' title='bbox 1123 3210 1153 3233; x_wconf 83' lang='lat'>¹⁰</span> <span class='ocrx_word' id='word_1_266' title='bbox 1182 3211 1324 3250; x_wconf 86' lang='lat' dir='ltr'>There</span> <span class='ocrx_word' id='word_1_267' title='bbox 1346 3213 1384 3249; x_wconf 88' lang='lat' dir='ltr'>is</span> <span class='ocrx_word' id='word_1_268' title='bbox 1405 3223 1430 3249; x_wconf 82' lang='lat' dir='ltr'>a</span> <span class='ocrx_word' id='word_1_269' title='bbox 1450 3212 1563 3260; x_wconf 84' lang='lat' dir='ltr'>good.</span> <span class='ocrx_word' id='word_1_270' title='bbox 1586 3211 1684 3250; x_wconf 80' lang='lat' dir='ltr'>deal</span> <span class='ocrx_word' id='word_1_271' title='bbox 1707 3211 1756 3250; x_wconf 90' lang='lat' dir='ltr'>of</span> <span class='ocrx_word' id='word_1_272' title='bbox 1773 3210 1996 3261; x_wconf 87' lang='lat' dir='ltr'>diversity</span> 
     </span>
    </p>
   </div>
  </div>
 </body>
</html>
