2240 3444
24 639 62 672 ·f.
79 648 102 680 4
122 638 217 681 Reg.

24 698 83 722 av.
107 698 159 721 20.

19 2312 155 2370 flat-tii.

61 2374 145 2399 vul.
162 2375 216 2398 20.

23 2966 96 3013 233
113 2979 147 3004 a.

251 174 349 210 Cn.
371 166 506 219 V111.]
757 156 947 210 Gentis
989 156 1327 224 Angylorum.
1766 157 1832 206 95

249 308 535 365 consuerat,
565 303 747 351 merito
773 303 947 351 uentis
973 303 1300 364 flammisque
1326 302 1678 350 mundiali1ms
1702 320 1838 364 prae-

251 387 433 446 ualere,
465 391 528 447 et,
562 405 627 434 ne
652 387 751 435 sibi
776 387 985 448 suisque
1011 388 1270 445 nocerent,
1302 387 1535 434 obtinere
1560 389 1774 447 poterat.

319 471 388 517 Et
413 471 496 517 hic
523 487 642 532 ergo
667 472 942 532 postquam
966 469 1118 516 annis
1143 469 1371 531 quinque
1396 469 1528 516 rexit
1553 469 1832 528 ecclesisun,
1870 483 1946 518 His
1962 484 2099 539 fleath.

250 552 551 599 Aeodbaldo
595 553 843 613 regnante
884 550 1130 613 migrauit
1172 551 1234 598 ad
1278 551 1454 610 caelos,
1505 551 1841 612 sepultusque
1871 534 2062 625 afflu'

250 636 329 681 est
374 650 491 681 cum
530 634 767 696 patribus
810 633 918 681 suis
960 633 1017 680 in
1066 650 1214 694 saepe
1256 633 1393 681 dicto
1434 633 1746 681 monasterio
1790 636 1842 680 et

250 717 459 764 ecclesia
494 716 781 764 beatissimi
810 716 1163 778 apostolorum
1200 715 1462 777 principis,
1494 732 1631 762 anno
1668 715 1730 762 ab
1765 715 1843 762 in—

251 799 549 846 carnatione
576 798 792 846 Domini
826 797 1162 858 DGXXIIII,
1195 798 1277 845 die
1302 797 1445 845 VIII
1484 798 1842 845 Kalendarum

252 881 522 929 Maiarum.

872 1002 1024 1051 CAP.
1067 1001 1223 1052 VIII.

297 1115 343 1150 Ut
360 1115 586 1159 Bonifatius
598 1124 707 1158 papa
726 1114 834 1149 Iusto
854 1115 1056 1150 successori
1075 1116 1159 1150 eius
1170 1114 1341 1158 pallium
1362 1116 1393 1150 et
1412 1115 1617 1159 epistulam
1640 1114 1800 1149 miserit.

322 1225 423 1272 CUI
451 1224 630 1272 statim
655 1224 899 1272 successit
923 1224 979 1271 in
1005 1224 1368 1286 pontificatum
1393 1225 1585 1285 Iustus,
1619 1223 1707 1286 qui
1734 1226 1843 1272 erat
1875 1229 2020 1263 ‚Just-us

252 1306 565 1355 Hrofensis1
608 1307 849 1355 ecclesiae
892 1307 1171 1369 episcopus.
1250 1307 1341 1354 Illi
1383 1310 1558 1355 autem
1601 1307 1842 1354 ecclesiae
1871 1279 2121 1364 3353an

251 1389 547 1437 Romanum
593 1407 685 1451 pro
735 1407 788 1437 se
837 1390 1159 1438 consecrauit
1208 1390 1520 1452 episcopum,
1576 1390 1693 1437 data
1742 1389 1842 1437 sibi
1872 1379 2086 1462 Ξξέἱῑέῒῗζ

251 1472 524 1520 ordinandi
562 1472 826 1534 episcopos
867 1472 1170 1520 auctoritate
1207 1490 1236 1520 a
1271 1473 1515 1534 pontifice
1558 1472 1835 1532 Bonifatio,
1873 1478 2103 1513 Rochester-

251 1571 408 1616 quem
434 1571 781 1602 successorem
805 1555 966 1603 fuisse
992 1555 1277 1603 Deusdedit
1297 1572 1451 1617 supra
1474 1555 1840 1614 meminimus3

250 1636 396 1683 cuius
420 1637 741 1685 auctoritatis
765 1624 866 1685 ista
888 1640 966 1686 est
990 1638 1158 1686 forma
1182 1656 1192 1686 ε

317 1720 640 1767 Dilectissimo
654 1721 812 1779 fratri
834 1722 975 1769 Iusto
999 1721 1300 1781 Bonifatius.
1873 1723 2014 1780 Leuci·
2031 1725 2077 1758 of

323 1801 481 1862 Quam
530 1802 695 1849 deuote
742 1801 980 1863 quamque
1028 1805 1174 1851 etiam
1220 1805 1484 1863 uiyiianter
1524 1819 1612 1863 pro
1664 1803 1844 1851 Christi
1874 1773 2132 1858 {gigig-cato

248 1884 495 1943 euanyelio
537 1885 855 1932 elaboraucrit
888 1889 1051 1934 uestra
1077 1886 1384 1945 fraternitas,
1420 1902 1522 1934 non
1558 1887 1713 1934 sotum
1756 1886 1847 1945 epi-

249 1967 404 2014 stulae
434 1982 465 2014 a
495 1968 633 2014 uobis
664 1968 866 2016 directae
905 1972 1050 2028 tenor,
1081 1970 1226 2017 immo
1262 1969 1456 2016 indulta
1494 1970 1694 2029 desuper
1716 1969 1848 2028 operi

248 2052 406 2096 uestro
438 2050 668 2109 perfectio
715 2051 964 2099 indicauit.
1040 2052 1142 2099 Nec
1191 2053 1320 2099 enim
1367 2053 1667 2112 omnipotens
1711 2053 1849 2100 Deus

248 2134 336 2178 aut
359 2132 436 2178 sui
471 2134 684 2180 nominis
719 2138 1090 2194 sacramentum,
1122 2138 1210 2182 aut
1239 2136 1390 2182 uestri
1412 2136 1640 2194 fructum
1671 2135 1850 2183 laboris

250 2213 468 2274 deseruit,
524 2215 641 2262 dum
681 2216 782 2276 ipse
815 2217 1225 2276 praedicatoribus
1272 2219 1510 2278 euanyelii
1538 2218 1749 2277 fideliter
1785 2232 1849 2265 re·

239 2297 500 2356 promisit:
543 2297 697 2345 ‘Ecce
721 2313 802 2359 eyo
825 2300 1074 2346 uobiscum
1109 2314 1219 2347 sum
1255 2301 1478 2348 omnibus
1511 2301 1675 2348 diebus
1698 2315 1848 2360 usque

252 2379 316 2426 acl
351 2383 811 2429 consummationem
848 2380 1088 2430 mundt‘ss'ss
1162 2383 1298 2443 Quod
1339 2384 1607 2443 specialiter
1627 2384 1848 2430 ‘iniuncto

251 2463 387 2510 uobis
431 2464 710 2525 ministerio,
767 2467 869 2513 eius
920 2466 1168 2514 elementia
1215 2467 1575 2526 demonstrauit,
1630 2468 1849 2527 aperiens

252 2546 395 2592 corda
438 2548 657 2606 gentium
714 2548 778 2595 acl
837 2549 1197 2608 suscipiendum
1234 2550 1613 2609 praedicationis
1658 2554 1848 2597 uestrae

251 2628 496 2687 singulare
520 2631 813 2689 mysterium.
897 2631 1086 2691 Illagtno
1119 2633 1248 2678 enim
1262 2634 1483 2691 praemio
1497 2630 1847 2692 fastigyiorum³

249 2713 519 2757 uestrorum
558 2712 877 2760 delectabilem
924 2728 1119 2761 cursum
1167 2715 1394 2762 bonitatis
1431 2729 1548 2762 suae
1595 2714 1848 2774 sufflayiis

252 2793 551 2853 inlustrauit,
590 2795 706 2842 dum
737 2796 1025 2843 creditorum
1055 2798 1193 2844 uobis
1226 2798 1513 2845 talentorum
1532 2798 1847 2856 fidelissimae

252 2876 588 2934 neyotiationis
620 2878 787 2936 officiis
821 2879 1008 2926 uberem
1026 2879 1253 2938 fructum
1287 2880 1557 2940 inpendens
1591 2881 1645 2938 ei,
1684 2876 1688 2941 Ι
1723 2879 1848 2939 quod

253 2958 444 3017 siynare
458 2959 698 3018 possetis⁴
726 2961 1061 3020 multiplicatis
1081 2963 1484 3022 generationibus,
1505 2963 1839 3021 praeparauit.

309 3090 323 3112 1
354 3091 471 3129 rhof·
493 3092 537 3130 C.
667 3091 682 3113 ²
713 3095 851 3132 seculi
872 3095 942 3144 M.,
967 3098 1047 3133 and
1067 3109 1106 3133 so
1125 3095 1330 3145 Vulgate.
1463 3095 1477 3117 ³
1504 3095 1763 3145 fatigiorum
1786 3097 1845 3136 M.

254 3155 321 3195 B¹.
354 3154 415 3196 C¹.
449 3157 550 3206 H1¹;
595 3157 914 3208 fatigationum
952 3162 1206 3199 uestrarum
1246 3159 1337 3209 M23
1381 3161 1673 3210 uestigiorum
1711 3162 1762 3212 D,
1798 3175 1846 3200 on

253 3231 422 3257 erasure.
589 3218 603 3240 4
630 3221 811 3269 possitis
831 3221 908 3273 Hl.
