2240 3444
273 163 369 200 ΟΜ).
396 158 465 209 [L]
798 149 984 202 Gentis
1023 149 1362 218 Ansslorum.
1806 150 1873 200 13

274 298 410 355 sunt,
477 298 653 344 contra
711 312 976 343 uenenum
1036 295 1232 343 ualent.
1319 294 1560 356 Denique
1621 295 1864 344 uidimus.

273 378 585 440 quibusdam
625 395 654 426 a
695 380 932 439 serpente
982 378 1248 439 percussis,
1293 393 1405 424 rasa
1452 376 1574 424 folia
1617 378 1864 431 codicum,

272 460 361 522 qui
405 462 468 508 de
516 461 774 508 Hibernia
822 461 1028 508 fuerant
1045 458 1073 520 ¹,
1118 463 1169 508 et
1216 460 1382 522 ipsam
1434 476 1667 507 rasuram
1710 476 1870 521 aquae

273 544 548 591 inmissam
574 560 629 590 ac
664 543 812 605 potui
841 544 1030 602 datam,
1063 542 1256 590 talibus
1291 543 1529 604 protinus
1566 543 1734 589 totam
1761 541 1869 589 uim

273 626 466 673 ueneni
491 626 788 688 grassantis,
815 628 986 673 totum
1019 625 1186 672 inflati
1213 625 1439 687 corporis
1475 624 1789 672 absumsisse
1815 641 1871 672 ac

273 709 476 757 sedasse
510 711 785 756 tumorem.
864 707 1027 755 Diues
1066 707 1214 755 lactis
1252 724 1307 755 ac
1344 707 1520 755 mellis
1560 707 1745 766 insula,
1778 724 1871 754 nec
1903 726 1963 761 ng

273 791 547 839 uinearum
595 807 789 852 expers,
842 791 1065 852 piscium
1112 791 1500 852 uolucrumque,
1550 789 1639 837 sed
1680 791 1731 837 et
1775 806 1874 836 cer·
1902 776 2107 819 products.

275 891 461 922 uorum
505 890 906 935 caprearumque
954 875 1147 921 uenatu
1191 873 1427 936 insignis.
1505 873 1650 919 Haec
1695 875 1871 919 autem

274 957 479 1018 proprie
527 956 692 1018 patria
740 956 1039 1004 Scottorum
1094 959 1205 1016 est3
1267 955 1365 1004 ab2
1414 955 1508 1003 hac
1557 954 1762 1016 egressi,
1814 965 1870 1002 ut

275 1039 517 1099 dixinmS,
560 1039 767 1086 tertiam
806 1038 862 1085 in
900 1039 1192 1087 Brittania3
1230 1038 1574 1087 Brettonibus
1617 1040 1668 1085 et
1710 1037 1872 1085 Pictis

275 1124 485 1184 gentem
521 1121 845 1169 addiderunt.

343 1203 439 1252 Est
471 1206 649 1252 autem
683 1204 830 1252 sinus
862 1203 1021 1251 maris
1053 1203 1424 1265 permaximus,
1451 1203 1542 1265 qui
1579 1203 1872 1264 antiquitus
1902 1219 1986 1253 The
2006 1219 2125 1253 Firth

274 1290 485 1350 gentem
502 1287 820 1334 Brettonum
836 1304 864 1334 a
881 1286 1066 1334 Pictis⁴
1084 1287 1395 1347 secernebat,
1421 1286 1511 1348 qui
1526 1287 1590 1334 ab
1607 1286 1872 1334 occidente
1903 1269 1948 1303 of
1963 1269 2097 1312 Clyde.

274 1370 330 1417 in
350 1372 513 1418 terras
530 1371 686 1433 longo
707 1370 873 1431 spatio
889 1370 1131 1432 erumpit,
1153 1370 1245 1417 ubi
1261 1372 1339 1417 est
1355 1370 1540 1417 ciuitas
1557 1371 1872 1417 Brettonum

273 1453 630 1500 munitissima,
660 1469 824 1514 usque
859 1453 1026 1513 hodie,
1059 1470 1190 1514 quae
1226 1454 1440 1500 uocatur
1464 1452 1772 1512 Alcluith53
1809 1452 1871 1499 ad

273 1535 420 1583 cuius
460 1535 703 1583 uidelicet
746 1535 894 1583 sinus
937 1538 1141 1597 partem
1185 1535 1647 1597 septentrionalem
1691 1534 1867 1593 scotti,

275 1636 403 1681 quos
429 1619 672 1679 diximus,
702 1619 1041 1667 aduenientes
1065 1618 1165 1666 sibi
1188 1619 1362 1666 locum
1386 1617 1580 1681 patriae
1605 1618 1852 1665 fecerunt.

437 1936 483 1970 Ut
511 1936 752 1971 Brittaniam
775 1937 931 1981 prtinus
960 1937 1224 1972 Romanorum
1257 1935 1379 1971 Gaius
1407 1934 1539 1970 Iulius
1569 1935 1719 1971 adierit.

29 2052 197 2087 Tertun.
349 2042 551 2091 Uerum
594 2043 773 2091 eadem
812 2042 1066 2092 Brittania
1102 2043 1341 2091 Romanis
1374 2058 1540 2104 usque
1580 2042 1643 2090 ad
1683 2040 1874 2090 Gaium
1902 2050 2122 2108 Invasions

28 2102 120 2185 {uilla
142 2102 234 2136 Iud.
280 2125 481 2174 Iulium
517 2127 789 2175 Caesarem
824 2129 1070 2175 ‘inaccessa
1105 2127 1261 2187 atque
1297 2124 1562 2187 incognita
1596 2124 1731 2184 fuit3
1784 2124 1874 2187 qui
1903 2101 2102 2186 gtaggssus

29 2217 205 2272 orosius,
278 2225 409 2257 anno
434 2211 494 2258 ab
527 2211 651 2258 Urbe
674 2211 866 2258 condita
887 2208 1188 2269 DOXCHI,
1211 2210 1332 2255 ante
1351 2224 1476 2255 uero
1500 2207 1874 2255 incarnationis

30 2278 78 2301 w.
102 2278 128 2309 7'
279 2293 569 2340 dominicae
587 2295 796 2354 tempus
815 2309 953 2340 anno
970 2292 1148 2351 LXmO,
1173 2291 1386 2338 functus
1405 2291 1567 2353 gradu
1591 2292 1873 2340 consulatus

277 2392 397 2424 cum
429 2378 584 2425 Lucio
616 2378 808 2436 Bibulo,
841 2377 968 2424 dum
1004 2376 1180 2422 contra
1207 2374 1576 2423 Germanorum
1605 2373 1875 2422 Gallorum-

278 2475 378 2521 que
413 2464 592 2521 gyentes,
647 2462 731 2520 qui
777 2460 948 2507 Hreno
998 2463 1191 2506 tantum
1228 2459 1442 2517 flmninc
1490 2457 1867 2506 dirimebantur.

31 2550 83 2585 ib·
105 2551 154 2585 vi.
180 2562 210 2594 9-
278 2543 459 2590 bellum
495 2543 706 2604 gereret,
737 2543 874 2589 uenit
908 2542 972 2589 acl
995 2541 1300 2600 Morumosss,
1332 2540 1459 2587 2172ch
1487 2540 1542 2587 in
1569 2539 1874 2587 Brittaniam

266 2626 522 2685 proximus
593 2629 636 2671 et
706 2625 1018 2672 breuissiomcs
1088 2624 1326 2671 transitus
1384 2626 1489 2680 est,·
1560 2626 1605 2670 et
1660 2622 1874 2670 nauibus

278 2708 541 2756 honerariis
577 2711 718 2767 atquc
753 2707 988 2754 actuariis
1024 2705 1236 2754 circiter⁷
1275 2707 1514 2766 octoqinta
1542 2705 1865 2765 praeparatis,

277 2793 331 2837 tn
364 2790 667 2838 Brittaniam
709 2790 1052 2844 hemmenam,
1093 2790 1177 2836 ubi
1213 2789 1383 2836 acerba
1403 2787 1419 2812 8
1445 2790 1669 2848 primum
1700 2801 1872 2847 puyna

266 2873 522 2932 fatiyatus,
566 2873 732 2919 deinde
769 2872 975 2920 aduersa
1012 2875 1279 2931 tempestate
1314 2875 1566 2931 corirptus,
1599 2870 1871 2930 plurimam

334 3019 344 3041 ¹
376 3020 560 3058 fuerunt
579 3020 625 3058 C.
649 3019 702 3057 Β2
721 3033 731 3068 ;
760 3032 832 3058 om.
857 3018 911 3057 Ν1
931 3032 940 3067 ;
971 3021 1193 3057 uenerant
1207 3017 1280 3058 N2.
1616 3015 1630 3037 ²
1659 3019 1710 3055 ut
1732 3017 1787 3055 ab
1810 3017 1867 3056 M.

278 3086 291 3107 ³
325 3086 467 3123 -niam
489 3084 549 3123 Μ1
582 3086 653 3135 (Ῥ).
855 3084 869 3105 4
900 3084 1018 3123 fictis
1040 3085 1085 3123 G,
1299 3084 1312 3106 ⁵
1339 3083 1511 3122 alcluth
1532 3082 1585 3120 Βι
1605 3096 1614 3130 ;
1635 3083 1795 3121 altclut
1816 3082 1867 3121 N.

277 3150 292 3172 Β
321 3152 349 3190 i.
372 3151 589 3200 ponticos,
612 3152 642 3189 i.
665 3151 974 3201 bononienses,
999 3153 1094 3198 qloss
1114 3153 1157 3187 in
1178 3150 1230 3188 D.
1508 3146 1523 3169 ⁷
1554 3148 1732 3187 circiter
1752 3151 1868 3196 before

279 3217 530 3257 honerariis
552 3216 609 3255 M.
631 3217 683 3255 N.
706 3216 756 3256 B.
779 3216 854 3266 HI.
1022 3216 1036 3238 8
1066 3227 1224 3254 acerua
1246 3214 1303 3254 M.
1331 3214 1391 3254 (3¹.
1415 3212 1487 3253 N2.
