2240 3444
66 1637 221 1673 Naiton

66 1687 300 1732 (Nechtan)‚

65 1738 180 1782 ang
194 1737 240 1773 of
252 1737 326 1773 the

65 1788 192 1833 Picts,
213 1799 309 1824 con-

66 1839 173 1874 sults
190 1838 326 1873 Abbot

66 1888 248 1924 Ceolfrid
270 1899 325 1923 on

66 1938 140 1974 the
149 1937 326 1974 Paschal

64 1988 152 2024 and
169 1990 261 2023 ton-

65 2049 162 2074 sure
181 2049 297 2083 ques-

66 2089 189 2125 tions.

355 132 463 185 332
807 130 1076 184 Historia
1113 130 1505 185 Ecclesiastiea
1775 139 1885 193 [Lm.
1904 144 1956 185 V.

354 278 496 326 Acca
544 279 781 326 cantator
827 280 936 326 erat
983 277 1348 341 peritissimus,
1392 276 1654 340 quomodo
1693 276 1851 325 etiam
1899 276 1957 325 in

355 360 547 409 litteris
584 361 776 410 sanctis
813 361 1161 422 doctissimus,
1194 363 1245 409 et
1274 361 1331 409 in
1368 359 1651 409 catholicae
1685 359 1810 407 fidei
1842 376 1956 408 con-

355 443 583 492 fessione
620 445 954 506 castissimus,
997 445 1055 492 in
1093 443 1464 493 ecclesiasticae
1505 459 1710 505 quoque
1749 442 1958 491 institu-

357 527 520 576 tionis
562 527 758 591 regulis
799 527 1176 576 solertissimus
1218 526 1525 586 exstiterat3
1563 527 1616 573 et
1663 525 1958 588 usquedum

356 610 586 673 praemia
610 611 723 673 piae
739 609 754 634 ¹
781 610 1077 659 deuotionis
1096 610 1325 673 accipiat,
1352 609 1573 657 existere
1591 625 1701 656 non
1719 607 1924 656 desistit
1945 626 1958 669 ;

357 696 540 756 utpote
565 693 655 756 qui
679 711 708 741 a
732 693 956 757 pueritia
979 693 1037 741 in
1063 693 1200 742 clero
1227 691 1544 742 sanctissimi
1568 708 1626 740 ac
1650 692 1761 740 Deo
1781 690 1960 740 dilecti

359 777 496 826 Bosa
544 777 919 826 Eboracensis2
968 776 1193 840 episcopi
1238 776 1474 824 nutritus
1521 777 1679 838 atque
1721 774 1960 822 eruditus

356 862 469 921 est;
528 861 717 909 deinde
764 861 828 909 ad
886 860 1178 909 Uilfridum
1231 859 1534 922 episcopum
1585 875 1677 921 spe
1725 857 1960 906 melioris

353 944 607 1006 propositi
648 945 947 1005 adueniens,
992 961 1207 992 omnem
1248 943 1306 991 in
1349 943 1460 991 eius
1502 941 1749 1005 obsequio
1791 958 1959 1004 usque

353 1026 416 1074 ad
466 1027 668 1075 obitum
716 1027 858 1075 illius
906 1027 1137 1090 expleuit
1185 1028 1442 1088 aetatem3
1492 1043 1612 1074 cum
1655 1042 1758 1088 quo
1799 1025 1959 1074 etiam

355 1110 579 1158 Romam
603 1110 825 1158 ueniens
851 1111 1021 1159 multa
1045 1110 1165 1172 illic,
1197 1126 1327 1173 quae
1356 1109 1414 1158 in
1439 1108 1608 1172 patria
1632 1108 1958 1172 nequiuerat,

356 1193 599 1242 ecclesiae
627 1195 833 1242 sanctae
859 1193 1150 1242 institutis3
1178 1192 1331 1242 utilia
1357 1193 1554 1242 didicit.

976 1333 1130 1383 CAP.
1174 1333 1325 1382 XXI.

360 1447 407 1482 Ut
428 1445 590 1490 Ceolfm'd
605 1443 620 1465 4
640 1448 761 1483 abbas
778 1447 859 1493 reyi
888 1447 1083 1483 Pictorum
1110 1448 1329 1484 architectos
1356 1446 1543 1492 ecclesiae,
1565 1447 1686 1483 simul
1705 1449 1738 1483 et
1757 1446 1963 1492 epistulam

692 1514 736 1549 cle
756 1514 935 1550 catholico
948 1515 1103 1558 pascha
1121 1514 1182 1550 uel
1203 1515 1247 1550 de
1268 1516 1431 1550 tonsura
1451 1514 1614 1550 miserit.

423 1624 500 1672 Eo
547 1626 782 1688 tempore
825 1624 1020 1673 Naiton
1057 1642 1148 1673 rex
1190 1625 1478 1687 Pictorum,
1525 1624 1615 1688 qui
1657 1624 1961 1687 septentrio-

355 1705 501 1754 nales
534 1706 825 1754 Brittaniae
859 1706 1039 1769 plagas
1075 1706 1388 1768 inhabitant,
1430 1706 1734 1755 admonitus
1766 1704 1962 1754 ecclesi-

355 1789 633 1837 asticarum
670 1788 937 1852 frequenti
973 1789 1316 1838 meditatione
1349 1789 1740 1853 scripturarum⁷
1780 1786 1784 1855 1
1818 1789 1961 1837 abre-

355 1872 625 1920 nuntiauit
658 1871 835 1934 errori,
868 1888 970 1935 quo
1009 1874 1227 1921 eatenus
1260 1872 1318 1920 in
1353 1873 1717 1922 obseruatione
1746 1872 1964 1935 paschae

356 1972 477 2004 cum
521 1972 613 2004 sua
651 1958 808 2018 gente
856 1955 1148 2017 tenebatur,
1198 1958 1250 2003 et
1298 1973 1353 2004 se
1395 1973 1619 2019 suosque
1668 1972 1852 2004 omnes
1898 1954 1963 2003 ad

356 2037 669 2085 catholicum
703 2037 995 2086 dominicae
1030 2038 1423 2087 resurrectionis
1460 2040 1671 2101 tempus
1707 2038 1965 2086 celebran-

358 2121 487 2169 dum
511 2120 768 2183 perduxit.
836 2120 985 2181 Quod
1012 2122 1072 2168 ut
1097 2120 1303 2169 facilius
1330 2123 1381 2169 et
1400 2121 1595 2169 maiore
1616 2122 1631 2145 ⁵
1657 2120 1965 2169 auctoritate

357 2203 645 2267 perficeret,
706 2203 967 2266 quaesiuit
1016 2204 1276 2252 auxilium
1327 2204 1390 2252 de
1442 2207 1599 2268 gente
1645 2204 1959 2267 Anglorum,

360 2303 490 2349 quos
536 2286 849 2334 iamdudum
889 2287 954 2335 ad
1004 2287 1307 2349 exemplum
1352 2289 1562 2335 sanctae
1603 2287 1872 2335 Romanae
1914 2289 1965 2335 et

357 2368 669 2432 apostolicae
709 2369 952 2417 ecclesiae
988 2386 1138 2417 suam
1180 2369 1495 2433 religionem
1525 2370 1823 2418 instituisse
1855 2387 1965 2434 cog-

358 2453 523 2501 nouit.
591 2452 864 2515 Siquidem
883 2452 1030 2500 misit
1046 2453 1321 2516 legatarios
1337 2454 1400 2501 ad
1418 2452 1594 2501 uirum
1610 2453 1964 2502 uenerabilem

357 2535 693 2595 Ceoffridum,
720 2535 963 2584 abbatem
984 2536 1289 2584 monasterii
1314 2536 1588 2584 beatorum
1607 2537 1963 2600 apostolorum

356 2619 501 2668 Petri
518 2622 570 2667 et
589 2619 758 2681 Pauli,
783 2620 922 2682 quod
948 2621 1027 2667 est
1051 2620 1115 2667 ad
1136 2619 1330 2667 ostium
1356 2619 1510 2668 Uiuri
1533 2620 1717 2682 amnis,
1743 2622 1794 2669 et
1818 2620 1965 2668 iuxta

357 2720 570 2752 amnem
608 2703 812 2764 Tinam‚
857 2703 915 2750 in
955 2702 1081 2764 loco,
1126 2702 1217 2766 qui
1257 2704 1472 2751 uocatur
1504 2703 1850 2767 Ing-yruqu
1882 2703 1966 2752 cui

358 2785 468 2848 ipse
492 2788 610 2848 post
637 2786 999 2848 Benedictum,
1032 2787 1096 2834 de
1122 2803 1225 2849 quo
1251 2802 1407 2849 supra
1432 2786 1675 2848 diximus,
1706 2786 1965 2850 gloriosis-

359 2869 491 2917 sime
515 2869 772 2931 praefuit;
809 2869 1095 2932 postulans⁷
1131 2871 1191 2917 ut
1225 2869 1602 2918 exhortatorias
1633 2870 1735 2918 sibi
1766 2870 1966 2918 litteras

360 2952 611 3013 mitteret,
659 2952 852 3014 quibus
892 2952 1162 3015 potentius
1201 2952 1469 3000 confutare
1507 2955 1683 3015 posset
1726 2970 1826 3014 eos,
1874 2952 1966 3016 qui

362 3034 553 3096 pascha
612 3052 722 3083 non
770 3052 863 3083 suo
912 3038 1147 3098 tempore
1201 3034 1478 3083 obseruare
1536 3038 1965 3099 praesumerent-3

422 3154 433 3176 ¹
463 3159 536 3208 pie
558 3158 614 3198 M.
712 3157 727 3180 ²
756 3159 885 3197 ebur·
908 3159 952 3199 O.
976 3159 1032 3200 N.
1135 3159 1150 3179 ³
1175 3159 1389 3199 -tutionis
1413 3158 1459 3198 C.
1483 3159 1536 3199 D.
1562 3158 1636 3198 διο.
1743 3158 1758 3181 4
1786 3159 1889 3199 -dus
1909 3160 1958 3200 B.

367 3222 381 3245 ⁵
410 3223 484 3272 —ri‚
507 3226 647 3262 altered
667 3228 700 3262 to
719 3237 783 3263 -re
805 3224 848 3263 M
871 3237 881 3273 ;
912 3237 978 3264 re·
1002 3225 1046 3265 O.
1071 3224 1127 3265 N.
1281 3222 1296 3245 ⁶
1323 3236 1486 3275 gyrum
1508 3224 1560 3265 N.

1991 1798 2018 1835 f.
2044 1799 2104 1833 118
2121 1796 2157 1831 b.
