2240 3444
24 1499 165 1551 5:291).

275 161 372 199 Cn».
399 157 493 208 111.]
778 147 968 201 Gentis·
1008 148 1350 216 Aoeylorwn.
1794 150 1859 199 85

272 293 526 341 sentirent
561 293 758 355 perfidi,
802 294 938 355 quod
981 292 1181 341 oblata¹
1220 293 1319 341 sibi
1361 295 1637 355 perpetuae
1676 293 1860 341 salutis

272 377 485 424 consilia
511 377 834 438 spreuerant.

363 656 408 692 Ut
429 656 529 691 'idem
551 655 740 691 Messle'tum
761 666 806 690 (cc
830 655 989 690 Iustum
1010 655 1197 700 episcopos
1207 654 1370 699 χαριῇ,-
1399 656 1431 689 ct
1452 655 1495 690 (Ie
1517 654 1617 689 obita
1639 653 1764 697 ‘Ipsius
1780 650 1806 690 ².

338 754 491 800 ANNo
512 751 798 799 dominicae
817 750 1192 799 incarnationis
1210 749 1506 810 DCHIImo,
1531 749 1864 811 Augustinus

272 834 649 883 Brittaniarum
681 834 1096 895 archiepiscopus
1131 832 1393 880 ordinauit
1420 833 1548 880 duos
1579 832 1856 894 episcopos,

271 918 536 966 Mellitum
578 916 821 964 uidelicet
860 918 911 964 et
949 916 1194 976 Iustum3
1238 915 1504 963 Mellitum
1543 915 1755 977 quidem
1798 914 1861 962 ad

268 1000 668 1062 praedicandum
715 998 1013 1060 prouinciae
1052 998 1400 1046 Orientalium
1445 998 1725 1057 Saxonum,
1772 996 1862 1058 qui

269 1084 523 1130 Tamense
560 1081 719 1129 fluuio
758 1081 1078 1129 dirimuntur
1113 1098 1142 1129 a
1176 1080 1371 1140 Cantia‚
1404 1083 1455 1128 et
1487 1080 1587 1142 ipsi
1625 1080 1863 1127 orientali

268 1165 401 1213 mari
448 1164 693 1227 contigui,
742 1181 965 1227 quorum
1014 1164 1318 1225 metropolis
1359 1162 1634 1210 Lundonia
1682 1162 1864 1210 ciuitas

270 1250 359 1308 est,
391 1264 543 1310 super
578 1247 744 1309 ripam
776 1246 993 1309 praefati
1029 1246 1267 1294 fluminis
1298 1246 1479 1307 posita,
1512 1247 1563 1293 et
1588 1245 1698 1307 ipsa
1730 1245 1862 1293 mul-

269 1333 444 1378 torum
495 1329 789 1392 emporium
807 1330 822 1353 ²³
874 1329 1189 1391 populorum
1241 1330 1378 1376 terra
1436 1327 1669 1389 marique
1722 1327 1861 1374 ueni-

271 1412 474 1459 entium
496 1430 506 1471 ;
544 1411 599 1458 in
626 1428 726 1473 qua
751 1410 993 1458 uidelicet
1017 1411 1171 1472 gente
1196 1412 1323 1457 tunc
1348 1408 1597 1470 temporis
1623 1408 1831 1455 Saberct
1848 1410 1863 1432 ⁴

271 1511 431 1556 nepos
446 1493 875 1542 Aedilbercti5ex
894 1509 1064 1540 sorore
1081 1492 1263 1540 Ricula
1279 1491 1542 1553 regnabat,
1582 1488 1586 1554 Ι
1621 1489 1863 1552 quamuis

272 1578 368 1625 sub
404 1579 658 1639 potestate
694 1575 896 1638 positus
930 1575 1163 1622 eiusdem
1189 1573 1554 1633 Aedilbercti⁶‚
1588 1573 1676 1635 qui
1701 1572 1863 1620 omni·

270 1661 381 1721 bus,
404 1663 462 1708 ut
489 1676 641 1721 supra
667 1659 867 1707 dictum
887 1660 978 1718 est,
1000 1674 1167 1719 usque
1191 1657 1254 1704 ad
1281 1656 1568 1704 terminum
1591 1655 1863 1703 Humbrae

271 1742 508 1790 fluminis
533 1742 831 1804 Anglorum
865 1740 1112 1803 gentibus
1146 1739 1446 1801 imperabat.
1524 1738 1630 1786 Ubi
1663 1755 1785 1785 uero
1812 1741 1863 1786 et

269 1825 392 1873 haec
434 1825 700 1888 prouincia
741 1823 962 1871 uerbum
1011 1822 1246 1870 ueritatis
1294 1821 1619 1883 praedicante
1661 1820 1863 1868 Mellito

268 1908 475 1969 accepit,
529 1907 650 1954 fecit
700 1923 789 1953 rex
837 1905 1174 1954 Aedilberct⁷
1223 1904 1281 1951 in
1329 1903 1540 1950 ciuitate
1588 1902 1863 1950 Lundonia

272 1991 538 2038 ecclesiam
588 1989 752 2037 sancti
790 1988 943 2036 Pauli
985 1987 1221 2049 apostoli⁷
1268 1987 1324 2033 in
1368 2002 1469 2048 qua
1510 1985 1683 2032 locum
1726 1985 1863 2033 sedis

273 2073 587 2136 episcopalis,
602 2075 652 2120 et
667 2072 789 2134 ipse,
805 2073 856 2119 et
876 2086 1192 2119 successores
1208 2069 1317 2117 eius
1337 2069 1601 2116 haberent.
1653 2067 1861 2115 Iustum

271 2174 394 2205 uero
431 2157 487 2205 in
523 2156 634 2218 ipsa
671 2156 852 2203 Cantia
887 2153 1218 2216 Augustinus
1261 2152 1561 2214 episcopum
1601 2150 1862 2198 ordinauit

272 2237 326 2284 in
353 2236 562 2284 ciuitate
583 2234 888 2295 Dorubreui‚
912 2249 1068 2295 quam
1094 2248 1222 2294 gens
1240 2231 1537 2293 Anglorum
1562 2247 1590 2277 a
1614 2229 1861 2292 primario

274 2320 535 2382 quondam
583 2318 740 2377 illius,
790 2316 879 2379 qui
927 2315 1190 2363 dicebatur
1238 2314 1386 2374 Eros,
1432 2312 1861 2360 Hrofaeseaestraess

272 2401 617 2465 cognominat.
692 2400 863 2448 Distat
899 2401 1073 2446 autem
1110 2414 1139 2444 a
1173 2396 1469 2444 Doruuerni
1507 2395 1722 2443 milibus
1751 2411 1859 2456 pas-

272 2501 426 2532 suum
483 2484 644 2531 ferme
697 2481 926 2530 XXIIII
985 2481 1047 2528 ad
1108 2480 1443 2540 occidentem,
1497 2478 1552 2526 in
1614 2495 1714 2539 qua
1772 2493 1862 2524 rex

271 2567 571 2615 Aedilberct
588 2567 602 2589 ÷
630 2565 899 2613 ecclesiam
932 2563 1071 2610 beati
1097 2562 1338 2610 Andreae
1362 2560 1582 2622 apostoli
1608 2560 1740 2619 fecit,
1772 2559 1861 2620 qui

272 2649 429 2697 etiam
454 2648 706 2710 episcopis
735 2646 1005 2708 utriusque
1043 2646 1200 2693 huius
1230 2644 1470 2692 ecclesiae
1506 2644 1642 2690 dona
1675 2641 1855 2701 multa,

273 2732 407 2780 sicut
450 2734 501 2779 et
538 2729 970 2790 Doruuernensis,
1013 2728 1206 2776 obtulit
1227 2746 1238 2788 3
1291 2728 1380 2775 sed
1424 2729 1474 2774 et
1509 2723 1767 2773 territoria
1807 2738 1863 2770 ac

274 2815 622 2876 possessiones
658 2813 713 2860 in
748 2829 902 2860 usum
933 2828 1128 2872 eorum,
1155 2811 1245 2873 qui
1270 2811 1416 2857 erant
1442 2825 1561 2856 cum
1592 2805 1859 2868 episcopis,

275 2896 470 2945 adiecit

330 3019 342 3041 ¹
373 3020 523 3058 ablata
543 3019 589 3060 C.
610 3020 694 3067 W;
724 3019 862 3058 allata
883 3019 937 3058 D.
1021 3018 1037 3041 2
1065 3018 1160 3056 eius
1182 3017 1239 3056 M.
1318 3015 1332 3037 ³
1361 3012 1657 3064 em*p't0rium
1680 3012 1712 3052 C
1734 3025 1744 3060 ;
1771 3024 1860 3050 em-

276 3098 433 3136 porum
455 3085 521 3122 13¹.
568 3083 581 3104 4
612 3085 792 3123 saberht
823 3084 869 3124 C.
945 3084 960 3107 ⁵
989 3082 1278 3122 aebilberchti
1311 3082 1355 3120 C.
1441 3078 1455 3099 ⁶
1487 3077 1783 3117 aebelberchti
1799 3075 1861 3116 C2.

264 3155 374 3199 from
395 3163 448 3189 ex
469 3163 613 3188 sorore
636 3180 644 3188 .
668 3181 676 3190 .
701 3181 709 3189 .
731 3149 1021 3188 aebilberchti
1042 3161 1114 3186 om.
1139 3148 1170 3186 C
1187 3145 1214 3186 ².
1237 3147 1275 3185 D
1297 3160 1305 3194 ;
1345 3148 1470 3183 added
1488 3148 1533 3190 by
1553 3140 1605 3182 C²
1621 3156 1669 3180 on
1690 3145 1856 3190 mccryz'n.

274 3216 288 3238 ⁷
318 3215 567 3255 aebilberht
588 3215 634 3254 C.
803 3213 817 3235 ⁸
837 3214 1014 3253 hrofaes
1034 3216 1229 3252 caestrae
1251 3213 1287 3250 B
1304 3225 1313 3260 3
1344 3210 1665 3249 hrofescaester
1685 3208 1731 3247 C.

1892 758 2121 802 Augustino

1892 811 2149 844 consecratos

1893 858 2077 894 Mollitus

1892 908 1974 942 and
1994 908 2139 942 Justus

1892 960 1934 992 to
1953 957 2123 992 London

1892 1008 1976 1042 and

1894 1057 2124 1092 Rochester.

1893 1119 1926 1141 A.
1936 1119 1971 1142 D.
1992 1108 2072 1150 604.
