2240 3444
371 114 441 164 74
479 129 481 131 ·
829 113 1092 167 Historia
1131 114 1524 168 Ecclesiasticus
1792 123 1901 176 [Lm.
1924 129 1975 166 11.

373 261 672 310 deuotionis
699 264 943 312 exercuit.
1013 263 1357 312 Nobilitatem
1382 281 1508 312 uero
1535 263 1694 323 illam,
1727 281 1886 326 quam
1913 264 1977 312 ad

371 346 637 394 saeculum
681 346 958 394 uidebatur
1001 347 1203 404 habere,
1247 349 1413 395 totam
1462 347 1526 395 ad
1576 346 1980 395 nanciscendam

371 446 624 491 supernae
684 430 905 493 gloriam
964 430 1236 492 dignitatis
1285 430 1465 478 diuina
1513 430 1679 493 gratia
1727 430 1981 493 largiente

80 522 157 579 His
177 531 340 578 monas·
372 513 643 562 conuertit.
750 513 886 561 Nam
949 516 1154 561 mutato
1215 515 1428 575 repente
1488 513 1673 561 habitu
1736 512 1983 561 saeculari

79 573 258 608 t1cL1fe.
371 596 751 644 monasterium
789 596 953 658 petiit,
1002 598 1059 644 in
1105 614 1207 659 quo
1251 599 1399 645 tanta
1447 596 1781 659 perfectionis
1820 595 1982 659 gratia

372 679 542 741 coepit
579 679 888 740 conuersari,
921 682 993 739 ut,
1036 680 1170 727 sicut
1209 679 1321 742 ipse
1357 682 1538 742 postea
1576 679 1749 727 fiendo
1785 678 1981 726 solebat

372 762 629 823 adtestari,
661 763 840 810 animo
865 762 1010 810 illius
1036 762 1265 811 labentia
1299 765 1483 811 cuncta
1522 764 1892 823 subteressent,
1924 763 1983 809 ut

374 846 530 893 rebus
579 845 838 906 omnibus7
884 862 1016 908 quae
1063 845 1368 908 uoluuntur,
1419 846 1686 908 emineret,
1735 848 1796 894 ut
1837 845 1985 893 nulla

376 929 479 977 nisi
505 928 744 977 caelestia
769 928 991 990 cogitare
1018 928 1218 990 soleret⁷
1244 931 1302 977 ut
1329 929 1486 977 etiam
1512 931 1750 977 retentus
1776 945 1986 991 corpore

377 1012 487 1075 ipsa
524 1013 627 1060 iam
665 1011 834 1060 carnis
872 1011 1096 1060 claustra
1135 1013 1579 1075 contemplatione
1626 1012 1886 1082 transiret,
1929 1013 1987 1059 ut

377 1098 605 1144 mortem
633 1113 850 1158 quoque,
885 1113 1014 1158 quae
1043 1113 1177 1158 pene
1203 1096 1407 1145 cunctis
1432 1113 1599 1159 poena
1626 1097 1716 1157 est,
1743 1094 1987 1143 uidelicet

378 1182 438 1227 ut
477 1179 773 1242 ingressum
813 1179 967 1240 uitae,
1013 1182 1063 1227 et
1100 1179 1291 1228 laboris
1329 1180 1410 1228 sui
1446 1179 1738 1242 praemium
1776 1180 1989 1227 amaret.

383 1261 557 1311 Haec1
585 1265 761 1311 autem
799 1263 910 1325 ipse
949 1263 1011 1311 de
1049 1280 1116 1325 se,
1148 1280 1255 1311 non
1285 1263 1580 1325 profectum
1617 1262 1856 1310 iactando
1894 1261 1992 1309 uir-

379 1350 572 1401 tutum,
617 1347 705 1393 sed
751 1347 988 1394 deflendo
1031 1347 1206 1408 potius
1253 1347 1528 1409 defectum,
1562 1363 1719 1409 quem
1762 1344 1862 1393 sibi
1903 1360 1994 1406 per

381 1448 560 1479 curam
600 1430 916 1492 pastoralem
964 1430 1245 1478 incurrisse
1295 1431 1585 1492 uidebatur,
1640 1429 1831 1477 referre
1881 1444 1996 1476 con-

382 1517 570 1563 suerat.
700 1513 941 1576 Denique
1001 1516 1237 1576 tempore
1301 1515 1529 1577 quodam
1589 1514 1800 1573 secreto,
1875 1528 1995 1559 cum

383 1599 602 1647 diacono
649 1614 742 1645 suo
780 1597 938 1645 Petro
977 1597 1310 1660 conloquens,
1356 1597 1675 1645 enumeratis
1717 1594 1883 1643 animi
1916 1594 1997 1642 sui

383 1681 670 1729 uirtutibus
706 1680 902 1742 priscis,
945 1698 1068 1728 mox
1105 1681 1328 1729 dolendo
1365 1680 1671 1729 subiunxit:
1715 1680 1815 1727 ‘At
1852 1694 1994 1726 nunc
2023 1690 2177 1725 Dia1.i.

385 1782 446 1812 ex
491 1763 759 1812 occasione
810 1781 962 1812 curae
1012 1764 1287 1826 pastoralis
1329 1763 1673 1813 saecularium
1712 1761 1994 1810 hominum
2024 1740 2131 1776 Prol,

386 1847 595 1910 negotia
644 1847 854 1909 patitur,
911 1849 963 1895 et
1010 1849 1128 1909 post
1167 1850 1280 1895 tam
1319 1848 1596 1910 pulchram
1639 1844 1830 1909 quietis
1873 1860 1996 1891 suae

392 1931 618 1993 speciem
666 1930 860 1977 terreni
908 1932 1054 1978 actus
1102 1931 1318 1993 puluere
1356 1931 1575 1979 fedatur.
1655 1929 1893 1990 Cumque
1943 1943 1997 1974 se

388 2031 480 2076 pro
519 2012 988 2061 condescensione²
1013 2014 1306 2062 multorum
1343 2015 1404 2062 ad
1444 2013 1697 2061 exteriora
1733 2009 1990 2074 sparserit,

388 2097 548 2145 etiam
599 2113 719 2144 cum
766 2096 1014 2144 interiora
1062 2097 1274 2160 appetit,
1323 2098 1387 2145 ad
1437 2097 1561 2144 haec
1608 2095 1788 2158 procul
1839 2092 1997 2141 dubio

387 2180 564 2228 minor
590 2178 744 2227 redit.
818 2180 1093 2242 Perpendo
1120 2180 1309 2242 itaque,
1343 2179 1469 2242 quid
1506 2178 1683 2239 tolero,
1715 2176 1992 2239 perpendo,

389 2263 513 2325 quid
555 2262 740 2321 amisi3
791 2262 1021 2324 dumque
1064 2263 1274 2311 intueor
1313 2263 1460 2323 illud,
1500 2261 1637 2324 quod
1675 2258 1892 2323 perdidi,
1938 2258 1997 2306 fit

390 2348 487 2394 hoc
524 2346 747 2408 grauius7
792 2347 931 2408 quod
968 2348 1153 2408 porto.'

100 2440 175 2476 His
195 2451 298 2497 pass.
460 2430 606 2478 Haec
651 2429 864 2492 quidem
909 2432 1122 2478 sanctus
1165 2430 1248 2477 uir
1299 2447 1362 2478 ex
1409 2445 1631 2492 magnae
1678 2424 2000 2475 humilitatis

98 2489 316 2527 toralLffe.
390 2514 685 2562 intentione
724 2513 957 2574 dicebat3
996 2514 1085 2562 sed
1126 2530 1223 2562 nos
1263 2514 1470 2561 credere
1511 2513 1657 2560 decet
1700 2510 1835 2558 nihil
1877 2525 2000 2557 eum

392 2594 726 2645 monachicae
778 2596 1111 2658 perfectionis
1164 2595 1454 2658 perdidisse
1506 2594 1802 2643 occasione3
1853 2607 2002 2639 curae

393 2680 681 2744 pastoralis,
712 2679 876 2727 immo
903 2680 1158 2742 potiorem
1192 2682 1318 2727 tunc
1345 2679 1594 2726 sumsisse
1619 2677 1913 2740 profectum
1939 2674 2002 2723 de

393 2764 569 2812 labore
630 2763 986 2811 conuersionis
1045 2763 1350 2823 multorum,
1408 2779 1566 2824 quam
1620 2762 1684 2809 de
1732 2758 2000 2822 propriae⁴

396 2847 660 2909 quondam
717 2846 890 2907 quiete
950 2845 1359 2894 conuersationis
1420 2845 1712 2903 habuerat3
1774 2840 2001 2890 maxime

397 2929 519 2992 quia
543 2931 594 2976 et
617 2929 906 2992 pontificali
930 2930 1145 2977 functus
1171 2928 1337 2976 officio
1369 2928 1586 2975 domum
1619 2943 1769 2974 suam
1799 2939 2000 2973 monas-

395 3012 586 3060 terium
616 3012 781 3060 facere
810 3012 1049 3073 curauit3
1083 3009 1090 3077 Ι
1123 3013 1175 3059 et
1208 3011 1334 3059 dum
1366 3011 1535 3073 primo
1575 3010 1638 3058 de
1675 3005 1996 3056 monasterio
2031 3010 2056 3049 f.
2079 3012 2122 3047 26
2139 3023 2173 3047 a.

454 3136 467 3157 ¹
499 3137 583 3175 hoc
601 3137 647 3175 C.
665 3135 735 3175 132.
851 3135 866 3158 ²
896 3137 1185 3175 descensione
1207 3135 1264 3174 M.
1287 3135 1364 3183 Hl.
1477 3133 1492 3156 3
1524 3146 1597 3171 -ne
1619 3146 1692 3172 om.
1714 3131 1790 3172 Ml.
1812 3136 1853 3169 at
1871 3134 1945 3169 end
1966 3132 2010 3176 os

400 3216 422 3240 α
444 3205 531 3240 ῖίηε.
661 3202 674 3223 ⁴
706 3203 788 3241 -ria
811 3202 857 3241 C.
