2240 3444
23 1895 136 1930 Rom.
148 1905 184 1929 x.
202 1905 229 1927 2.

24 2387 49 2422 f.
71 2387 117 2430 46
134 2398 168 2422 a.

264 159 363 200 Cn.
387 156 482 208 111.]
767 148 956 201 Gentis
996 148 1334 218 Anylooeum.
1742 151 1843 202 131

262 291 333 339 ita
369 308 555 340 sanum
591 292 862 340 brachium
900 309 1219 354 manumque
1258 293 1493 355 repperit,
1538 310 1592 340 ac
1634 294 1676 340 si
1713 294 1846 341 nihil

261 391 512 437 umquam
539 375 672 423 tanti
699 375 927 437 langoris
952 376 1218 422 habuisset
1236 373 1263 426 ¹..

898 557 1050 606 CAP.
1093 556 1183 604 III
1199 555 1228 604 ².

265 699 310 735 Ut
332 700 431 735 idem
450 709 516 735 rar.
532 699 732 743 postulans
760 699 804 734 (Ie
823 701 928 743 yeme
951 699 1160 733 Scottorum
1189 698 1402 733 antistitem
1423 699 1602 741 acceperit
1622 698 1845 744 Av‘dcmum,

345 766 538 808 eidemque
558 765 602 799 in
622 765 754 799 insula
774 764 1097 809 Linclz'ssarnensi
1114 761 1126 779 ²⁴
1146 765 1272 799 sedem
1292 764 1529 807 episcopatus
1549 765 1767 800 clonazcerit.

330 887 468 934 IDEM
495 903 612 949 ergo
641 886 833 934 Osuald
850 886 880 947 4,
912 902 1035 933 mox
1066 885 1156 932 ubi
1193 901 1413 947 regnum
1446 885 1686 947 suscepit,
1717 885 1846 933 desi—
1875 893 2011 929 Aidan
2029 898 2120 930 sent

261 969 446 1017 derans
479 971 657 1029 totam,
690 969 772 1016 cui
804 985 1035 1030 praeesse
1067 968 1246 1029 coepit,
1282 969 1492 1029 gentem
1526 967 1647 1015 fidei
1676 967 1847 1016 Chris·
1878 944 2108 1038 gsoffisiffi?

261 1052 431 1100 tianae
469 1052 632 1114 gratia
669 1051 829 1111 inbui,
865 1051 1009 1098 cuius
1045 1050 1404 1112 experimenta
1438 1051 1759 1113 permaxima
1795 1051 1852 1098 in
1879 1044 2089 1128 {fnffissirffb

262 1134 619 1197 expugnandis
653 1134 882 1182 barbaris
918 1133 1023 1180 iam
1061 1135 1261 1194 ceperat
1281 1133 1310 1193 5,
1356 1132 1500 1180 misit
1534 1134 1597 1181 ad
1634 1134 1854 1181 maiores
2048 1122 2054 1128 ⁵

263 1219 390 1265 natu
434 1218 743 1277 Scottorum,
787 1217 924 1265 inter
960 1234 1089 1279 quos
1126 1216 1339 1263 exulans
1377 1216 1485 1278 ipse
1526 1217 1855 1279 baptismatis

263 1302 583 1347 sacramenta
609 1316 728 1347 cum
760 1300 855 1361 his,
889 1299 980 1361 qui
1005 1315 1180 1346 secum
1211 1300 1370 1353 erant,
1397 1298 1660 1347 militibus
1686 1316 1855 1347 conse-

263 1385 413 1430 cutus
450 1384 588 1442 erat;
625 1384 819 1444 petens,
866 1385 924 1430 ut
962 1381 1060 1429 sibi
1098 1381 1395 1428 mitteretur
1430 1381 1662 1442 antistes,
1708 1383 1854 1430 cuius

264 1464 496 1513 doctrina
521 1481 577 1511 ac
606 1464 900 1512 ministerio
927 1480 1064 1526 gens,
1098 1480 1255 1524 quam
1282 1463 1505 1524 regebat,
1537 1464 1848 1526 Anglorum,

264 1546 548 1596 dominic-ae
581 1547 704 1594 fidei
739 1549 790 1594 et
827 1547 961 1595 dona
999 1546 1230 1605 disceret,
1264 1548 1315 1593 et
1353 1546 1637 1608 susciperet
1654 1548 1668 1571 ‘³
1702 1564 1857 1595 sacra-

263 1634 454 1679 menta.
532 1631 712 1692 Neque
754 1630 1018 1692 aliquanto
1060 1628 1272 1690 tardius,
1325 1630 1463 1691 quod
1506 1630 1671 1692 petiit,
1716 1631 1853 1693 inpe-

262 1714 453 1774 trauit3
491 1714 682 1775 accepit
715 1730 940 1774 namque
974 1710 1274 1774 pontificem
1304 1712 1582 1759 Aedanum
1617 1729 1853 1761 summae

264 1797 692 1857 mansuetudinis,
746 1799 797 1844 et
844 1795 1063 1858 pietatis,
1118 1811 1174 1842 ac
1232 1795 1604 1843 moderaminis
1660 1797 1848 1855 uirum,

264 1880 647 1941 habentemque
669 1879 838 1926 zelum
858 1878 968 1939 Dei,
996 1876 1237 1939 quamuis
1258 1893 1364 1924 non
1390 1877 1544 1938 plene
1564 1879 1852 1926 secundum

265 1962 546 2010 scientiam.
625 1961 864 2023 Namque
902 1961 1070 2008 diem⁷
1110 1959 1328 2020 paschae
1362 1960 1681 2009 dominicum
1711 1978 1854 2009 more

265 2062 385 2093 suae
439 2045 607 2107 gentis
626 2044 655 2104 ⁸,
711 2044 858 2091 cuius
909 2042 1111 2104 saepius
1159 2042 1481 2090 mentionem
1536 2043 1767 2105 fecimus,
1827 2061 1856 2092 a.

266 2127 465 2175 XIIIIa
498 2127 624 2174 luna
656 2143 819 2188 usque
852 2128 916 2174 ad
951 2126 1115 2172 ΧΧἬΤ1
1149 2125 1420 2173 obseruare
1451 2125 1660 2174 solebat.
1739 2127 1855 2174 Hoc

265 2210 459 2258 etenim
519 2209 699 2257 ordine
755 2210 1173 2271 septentrionalis
1225 2210 1518 2257 Scottorum
1571 2209 1848 2270 prouincia,

266 2295 316 2340 et
358 2292 530 2340 omnis
567 2291 709 2339 natio
751 2292 1020 2340 Pictorum
1058 2293 1150 2340 illo
1192 2292 1360 2340 adhuc
1401 2292 1633 2352 tempore
1668 2292 1856 2353 pascha

266 2373 604 2431 {dominicum
623 2374 924 2433 celebrabat,
946 2375 1225 2422 aestimans
1246 2390 1299 2421 se
1316 2373 1372 2420 in
1388 2373 1481 2420 hac
1498 2373 1823 2421 obseruantia
1839 2375 1855 2399 ⁹

267 2457 431 2506 sancti
464 2474 520 2505 ac
556 2457 707 2505 laude
744 2457 890 2519 digni
921 2458 1082 2520 patris
1115 2456 1350 2505 Anatolii
1385 2457 1573 2518 scripta
1605 2459 1848 2505 secutam.

269 2539 416 2600 Quod
441 2555 508 2586 an
533 2556 718 2586 uerum
745 2539 825 2599 sit,
856 2539 1052 2601 peritus
1073 2540 1292 2601 quisque
1312 2538 1555 2585 facillime
1574 2538 1847 2600 cognoscit.

268 2623 428 2670 Porro
454 2624 633 2684 gentes
660 2622 967 2683 Scottorum,
993 2639 1122 2684 quae
1147 2621 1203 2668 in
1233 2621 1545 2668 australibus
1571 2621 1853 2668 Hiberniae

268 2704 468 2753 insulae
508 2704 742 2766 partibus
783 2705 1132 2764 morabantur,
1180 2704 1486 2752 iamdudum
1525 2704 1587 2750 ad
1628 2703 1854 2750 admoni-

268 2786 464 2834 tionem
489 2786 793 2848 apostolicae
819 2787 954 2834 sedis
978 2787 1240 2848 antistitis,
1266 2786 1455 2848 pascha
1480 2785 1723 2833 canonico
1748 2785 1853 2833 ritu

269 2868 538 2916 obseruare
564 2869 865 2917 didicerunt.

328 3005 339 3027 ¹
373 3009 486 3044 -sent
509 3006 552 3045 C.
574 3005 643 3045 N¹.
665 3006 828 3055 OPW1.
847 3008 897 3046 D.
958 3007 974 3029 ²
1004 3011 1212 3046 mmmm-ed
1232 3010 1272 3045 ii.
1296 3009 1339 3043 Υιή
1361 3010 1445 3052 tea-c,
1469 3009 1528 3044 iic.
1551 3009 1594 3043 ‘in
1614 3008 1785 3052 capitula
1806 3007 1852 3055 C,

273 3075 354 3110 ancl
374 3085 413 3109 so
434 3075 523 3109 with
544 3075 600 3109 tlte
621 3077 846 3120 subsequent
863 3078 1034 3120 chapters
1054 3078 1086 3111 to
1105 3076 1192 3111 ,τ’ῖῖί.
1216 3075 1408 3110 infamavit-e,
1497 3071 1512 3095 ³
1546 3072 1782 3110 lindifarn-
1805 3073 1856 3112 N.

270 3135 286 3158 ⁴
317 3136 503 3174 osuuald
525 3137 572 3176 O.
685 3138 698 3160 ⁵
726 3141 927 3188 coeperat
948 3140 993 3179 C.
1114 3137 1128 3157 ὓ
1156 3138 1401 3187 susceperit
1423 3137 1477 3174 Μ.
1601 3136 1615 3157 ⁷
1647 3138 1764 3177 idem
1782 3138 1857 3178 M¹.

269 3200 284 3223 ⁸
314 3201 434 3239 diem
458 3233 465 3241 .
489 3232 498 3241 .
523 3203 694 3252 ,gentis
714 3216 787 3243 om.
808 3204 860 3242 N.
1027 3204 1042 3226 ⁹
1071 3203 1380 3241 obseruatione
1404 3202 1460 3240 M.

1019 3286 1108 3317 K2
