2175 3439
34 612 60 644 t.
85 622 94 643 ι
115 621 148 644 u.

125 1821 160 1853 t(

253 586 901 663 GLORIOSISSIMO¹
960 587 1156 663 REGI
1217 587 1693 664 OEOLUULFO

202 767 433 819 {AEDA
464 767 823 820 FAMULUS
853 767 1159 819 CHRISTI
1197 768 1289 818 Er
1333 767 1767 819 PRESBYTER

891 954 1057 972 ——40—

246 1100 551 1147 HISTORIAM
600 1100 770 1162 gentis
821 1101 1118 1162 Anglorum
1161 1100 1568 1160 ecclesiasticam,
1612 1116 1767 1161 quam

176 1199 342 1244 nuper
379 1182 651 1241 edideram,
693 1183 1038 1230 libentissime
1074 1182 1170 1230 tibi
1207 1182 1531 1242 desideranti,
1574 1198 1674 1242 rex,
1719 1186 1767 1230 et

173 1265 318 1327 prius
354 1266 417 1313 ad
454 1266 732 1327 legendum
770 1282 826 1313 ac
863 1266 1190 1327 probandum
1228 1257 1591 1323 transmisistet
1629 1281 1766 1311 nunc

174 1349 233 1396 ad
252 1348 728 1396 transscribendum
744 1365 799 1396 ac
815 1349 1024 1410 plenius
1044 1366 1107 1395 ex
1126 1352 1362 1410 tempore
1379 1347 1766 1395 meditandum2

173 1431 562 1491 retransmitt03
613 1431 842 1493 satisque
881 1431 1114 1479 studium
1154 1434 1272 1478 tuae
1311 1430 1622 1478 sinceritatis
1663 1447 1763 1477 am-

173 1513 382 1574 plector,
426 1530 526 1575 quo
570 1530 677 1561 non
717 1514 890 1560 solum
928 1513 1199 1561 audiendis
1242 1513 1519 1574 scripturae
1562 1514 1765 1560 sanctae

174 1595 347 1643 uerbis
383 1613 562 1643 aurem
599 1596 810 1643 sedulus
846 1597 1217 1655 accommodas,
1260 1612 1444 1643 uerum
1482 1594 1638 1642 etiam
1681 1612 1766 1642 no-

173 1678 375 1726 scendis
410 1678 638 1740 priorum
677 1678 836 1740 gestis
873 1678 982 1726 siue
1018 1678 1180 1738 dictis,
1213 1680 1263 1725 et
1300 1677 1526 1725 maxime
1563 1679 1766 1725 nostrae

173 1761 343 1823 gentis
369 1761 603 1808 uirorum
628 1761 947 1821 inlustrium,
980 1778 1157 1809 curam
1183 1760 1462 1823 uigilanter
1485 1759 1759 1821 impendis.

175 1843 296 1891 Siue
316 1843 456 1890 enim
483 1842 697 1890 historia
719 1843 782 1890 de
801 1843 951 1891 bonis
976 1844 1111 1891 bona
1135 1843 1334 1904 referat,
1358 1843 1421 1890 ad
1447 1842 1764 1890 imitandum

171 1926 367 1973 bonum
405 1926 608 1973 auditor
644 1925 896 1973 sollicitus
933 1926 1276 1988 instigatur'²;
1332 1942 1422 1973 seu
1459 1925 1594 1972 mala
1630 1941 1763 1972 com-

170 2010 422 2055 memoret
470 2008 531 2055 de
578 2007 765 2069 prauis,
819 2007 1169 2056 nihilominus
1226 2007 1497 2070 religiosus
1544 2024 1599 2054 ac
1648 2008 1765 2070 pius

171 2090 375 2138 auditor
408 2090 519 2138 siue
555 2090 716 2137 lector
748 2090 1027 2138 deuitando
1054 2091 1189 2152 quod
1215 2090 1431 2138 noxium
1457 2092 1535 2137 est
1559 2106 1614 2137 ac
1651 2107 1763 2152 per-

171 2189 396 2234 uersum,
439 2173 550 2235 ipse
588 2173 851 2220 sollertius
887 2174 951 2221 ad
989 2174 1316 2235 exsequenda
1353 2190 1422 2233 ea,
1466 2190 1595 2234 quae
1631 2173 1764 2220 bona

170 2272 226 2303 ac
251 2256 361 2304 Deo
383 2256 540 2318 digna
565 2272 676 2303 esse
702 2256 1020 2318 cognouerit,
1054 2256 1362 2304 accenditur.
1419 2256 1564 2316 Quod
1591 2255 1762 2317 ipsum

169 2341 226 2386 tu
282 2355 490 2401 quoque
549 2338 952 2401 uigilantissime
1011 2339 1417 2401 deprehendens,
1489 2338 1762 2386 historiam

170 2424 511 2469 memoratam
536 2421 593 2468 in
626 2421 866 2469 notitiam
891 2421 988 2469 tibi
1013 2421 1173 2469 simul
1198 2424 1248 2469 et
1279 2422 1364 2482 eis,
1397 2420 1585 2483 quibus
1609 2422 1661 2467 te
1687 2437 1762 2467 re-

170 2503 352 2566 gendis
381 2504 563 2553 diuina
588 2504 834 2567 praefecit
850 2505 866 2528 ‘²
891 2504 1184 2565 auctoritas,
1216 2505 1280 2552 ob
1304 2503 1562 2566 generalis
1587 2519 1760 2550 curam

170 2586 353 2634 salutis
378 2586 535 2634 latius
559 2587 816 2650 propalari
841 2587 1111 2635 desideras.

226 2709 238 2731 ¹
263 2710 319 2747 In
359 2711 546 2748 nomine
587 2710 776 2749 Sanctae
815 2711 1065 2760 Trinitatis,
1106 2711 1254 2749 Patris
1293 2710 1457 2758 scilicet
1493 2712 1536 2747 et
1572 2709 1676 2746 Filii
1715 2710 1759 2746 et

172 2776 368 2825 Spiritus
422 2776 586 2826 Sancti,
641 2776 811 2826 Incipit
862 2776 1088 2815 Praefatio
1147 2777 1201 2814 N.
1285 2779 1357 2813 The
1394 2777 1547 2821 Prqf‘ace
1585 2777 1665 2812 aad
1702 2777 1760 2811 the

172 2843 347 2886 Cupitum
375 2843 420 2888 of
439 2844 543 2880 Book
562 2845 589 2879 Ι
606 2845 698 2880 hare
728 2846 816 2880 been
845 2845 913 2879 lost
940 2845 984 2879 in
1012 2845 1059 2879 B.
1120 2845 1192 2879 The
1212 2844 1302 2887 first
1323 2853 1421 2887 passe
1450 2842 1493 2887 os
1504 2843 1549 2876 M
1571 2843 1643 2877 laces
1672 2842 1759 2877 been

169 2910 282 2944 much
301 2910 442 2945 rubbecl
463 2911 545 2945 ancl
564 2910 599 2945 is
618 2911 661 2945 in
680 2920 780 2945 some
799 2911 926 2954 places
946 2910 1111 2954 ille-yeme.

223 2969 240 2994 2
269 2972 598 3011 meditaturum
619 2973 664 3023 G,
689 2976 771 3011 and
791 2976 866 3010 this
886 2976 921 3010 is
940 2976 1018 3011 also
1039 2976 1096 3011 tlte
1118 2975 1277 3019 reccclae'ny
1296 2973 1339 3017 os
1352 2971 1460 3009 Sim.
1483 2970 1601 3008 Dun.
1618 2971 1665 3008 ii.
1682 2981 1758 3017 423

169 3036 486 3075 meditandum
507 3038 580 3076 uel
601 3038 929 3076 meditaturum
952 3038 1017 3086 Os·

226 3100 240 3122 3
272 3103 370 3152 -tor‚
395 3105 533 3140 altered
553 3107 587 3141 το
604 3105 697 3141 ·tur
717 3102 762 3142 C.
781 3103 834 3142 N.

225 3165 238 3187 ⁴
270 3169 485 3206 concessit
506 3167 551 3208 C.

1799 1114 2041 1149 Dodication

1798 1168 1840 1197 to
1850 1164 2053 1198 Coolwuls.

1800 1213 1916 1257 King
1930 1214 1974 1247 of
1984 1213 2054 1247 thi-

1799 1262 2021 1296 Northum-

1798 1312 1948 1347 brialis.

1797 1859 1939 1893 Bede's

1796 1908 1948 1943 motive
1967 1908 2009 1942 in

1795 1958 1975 2001 writing.
