2240 3444
16 1369 61 1405 ,fi
82 1370 199 1405 Rom.

16 1419 65 1454 iv.
86 1430 134 1464 ¹7·

14 1509 38 1546 f.
58 1511 151 1556 33b.

746 225 970 275 auctore
1010 223 1057 274 A
1074 240 1326 292 nonymo.
1719 227 1822 277 403

249 361 521 419 pleuerunt.
612 364 813 409 Tantam
862 369 1019 410 autem
1067 366 1269 423 gratiam
1313 368 1432 424 apud
1478 369 1822 423 (ὲιιηξζιιυΙὶἰιιιιι

251 436 452 481 comites
481 437 856 482 reuerentissimi
883 439 1069 484 abbatis
1102 443 1396 492 inuenerunt,
1422 445 1472 484 ut
1495 446 1543 484 vt.
1568 443 1826 497 umgnificis

253 524 416 555 omnes
440 510 604 567 epulis,
629 511 815 568 sepulto
838 526 905 563 eo,
929 512 1154 561 reficeret,
1180 515 1228 556 et
1260 514 1350 556 huc
1387 517 1435 557 ct
1469 514 1578 557 illuc
1611 515 1825 557 abeunti-

251 583 339 628 bus
381 583 524 628 duces
566 583 766 636 itineris,
810 583 948 628 simul
988 588 1036 629 et
1071 585 1301 629 uiaticum
1339 587 1612 642 praeb‹=r‹:t;
1662 588 1738 630 sed
1778 591 1826 630 vt

253 656 433 701 ibidem
490 656 810 701 residentibus
856 672 1105 710 annonam,
1152 658 1358 713 quandiu
1402 674 1588 703 manere
1635 660 1827 709 uellent,

254 731 581 776 constitueret.

315 817 385 861 39.
419 804 540 859 Quid
563 820 674 850 uero
697 806 755 850 de
781 820 848 857 eo,
873 805 951 850 uel
975 805 1247 849 muneribus
1270 804 1384 857 eius,
1406 805 1687 861 apostolicus
1710 820 1831 861 papa
1863 816 1987 860 Κυρὶς
2006 818 2050 850 of

255 877 473 930 senserit,
498 881 706 923 testatur
738 878 951 935 epistola,
983 893 1126 934 quam
1155 877 1351 929 remisit,
1376 877 1508 921 cuius
1540 877 1625 921 hoc
1657 877 1829 933 princi-
1860 865 1930 899 ¹¹¹⁰
1952 866 2113 909 Popeto

290 950 299 958 .
1863 915 2006 949 Hwaev

250 966 386 1008 p1um
410 954 482 997 est
500 967 510 997 :
1863 964 1982 998 bert‘s

1863 1012 1995 1047 letter.

319 1070 565 1124 Greyorius
609 1069 849 1124 episcopus,
893 1082 1052 1111 seruus
1101 1081 1331 1111 seruorum
1373 1067 1470 1119 Dei,
1514 1062 1834 1108 Hemetberlaeto²

371 1143 575 1198 reliyioso
598 1143 760 1186 abbati.

315 1216 599 1271 Scriptorum
646 1222 748 1258 tuae
795 1216 1091 1271 amplectende
1140 1214 1369 1269 reliyionis
1420 1213 1530 1255 serie
1581 1213 1804 1265 reieqendo
1820 1209 1836 1233 ³

252 1296 497 1346 perspecta,
519 1291 792 1345 conyaudere
813 1295 852 1332 te
883 1290 1079 1340 ueritati,
1104 1290 1231 1331 cuius
1249 1289 1397 1342 qratia
1420 1291 1638 1329 uocantur
1656 1300 1705 1327 ea
1727 1299 1837 1339 quae

258 1377 349 1407 non
399 1369 519 1416 sunt,
574 1369 801 1419 tamquam
852 1378 902 1406 ea
953 1377 1063 1418 quae
1103 1368 1221 1414 sunt,
1265 1363 1316 1404 de
1367 1366 1519 1403 nostra
1566 1360 1834 1414 promotione

258 1442 526 1488 monstrans,
560 1452 611 1480 ac
650 1435 797 1479 iuris4
830 1437 1059 1492 apostolici
1097 1436 1355 1478 auctoritati
1369 1430 1385 1454 ⁵
1422 1435 1548 1475 cuius
1592 1433 1834 1474 ministerio

267 1509 272 1565 Ι
288 1513 816 1567 funyimurquamquam
831 1512 1040 1562 inmeriti,
1054 1515 1092 1552 te
1108 1510 1277 1552 subesse
1286 1508 1584 1563 promtissime
1594 1507 1834 1561 profiteris.

260 1587 429 1640 Quibus
451 1601 506 1629 ex
521 1588 668 1629 causis
688 1586 839 1628 debere
861 1591 898 1627 te
922 1585 1102 1627 noueris
1117 1598 1227 1635 eum,
1245 1597 1370 1638 quem
1389 1582 1634 1637 qratularis
1647 1594 1831 1635 preesse,

254 1662 400 1704 contin
410 1658 508 1703 uis6
526 1661 854 1704 conlaborando
878 1661 927 1701 in
945 1658 1153 1713 precibus
1175 1657 1418 1699 instantius
1439 1669 1565 1696 orare
1582 1652 1610 1704 ⁷,
1628 1659 1677 1695 ut
1692 1655 1834 1708 possit

254 1740 295 1777 et
330 1735 431 1781 sibi,
465 1740 505 1777 et
536 1735 630 1785 tibi,
664 1734 899 1788 multisque
938 1733 1169 1787 prodesse;
1210 1744 1309 1772 eum
1347 1729 1549 1783 proinde,
1584 1728 1709 1769 cuius
1745 1727 1835 1769 Deo

255 1810 424 1851 dicatos
440 1808 715 1851 uenerabiles
729 1820 862 1850 canos
883 1807 1185 1849 commendare
1206 1803 1428 1853 studuisti,
1443 1803 1494 1843 de
1510 1800 1835 1855 temporalibus,

256 1888 495 1938 antequam
520 1883 823 1937 susciperetur
848 1896 875 1923 a
898 1881 1033 1930 nobis,
1059 1880 1118 1922 ad
1139 1883 1335 1927 aeterna,
1359 1877 1449 1918 Deo
1472 1880 1667 1927 uocante,
1691 1879 1835 1915 trans-

256 1958 412 2008 latum,
437 1958 581 2008 misso,
607 1957 668 1998 ad
689 1961 916 1998 aeternam
936 1955 1010 1996 sui
1036 1952 1305 2002 memoriam,
1331 1962 1511 1991 munere
1535 1961 1625 1990 meo
1647 1947 1838 1988 Domino

257 2036 297 2073 et
318 2031 545 2074 communi
559 2035 756 2086 patrono
778 2030 899 2072 beato
930 2028 1072 2082 Petro,
1097 2025 1393 2081 apostolorum
1411 2023 1589 2064 domino
1603 2019 1618 2039 ⁸
1641 2033 1810 2062 summo
1825 2036 1838 2072 ,-

247 2106 390 2159 fidem
405 2105 499 2147 eius
514 2106 565 2146 in,
587 2105 787 2146 muneris
803 2103 1050 2145 conlatione
1059 2100 1311 2155 probantes,
1331 2098 1517 2150 diynum
1535 2106 1836 2136 commemora-

258 2179 454 2221 tionibus
474 2178 669 2221 assiduis
692 2178 955 2226 censuimus,
990 2189 1041 2217 ac
1067 2172 1435 2229 probatissimum
1465 2173 1759 2223 preceptorem
1793 2166 1839 2206 in

257 2253 425 2295 sanctis
458 2266 510 2294 ac
540 2251 825 2306 reyularibus
858 2249 1076 2291 institutis
1107 2246 1258 2300 diynis
1289 2242 1572 2286 auditoribus
1600 2240 1839 2295 praeuium

255 2331 362 2369 ante
376 2327 521 2368 Deum
542 2327 724 2368 existere
741 2336 1022 2379 pei-oramus,
1044 2326 1094 2363 ut
1115 2321 1256 2369 illum,
1277 2319 1435 2360 Aaron
1458 2321 1495 2357 et
1517 2315 1662 2368 Moysi
1676 2312 1841 2354 sanctis

257 2397 446 2439 diuinae
480 2396 628 2452 plebis
663 2396 849 2438 ducibus
884 2394 943 2436 ad
978 2390 1293 2447 promissionis
1328 2386 1529 2442 patriam
1566 2383 1840 2425 tendentibus

262 2472 467 2521 euocatis,
492 2475 727 2524 sanctoque
745 2467 760 2491 ⁹
781 2469 851 2510 illi
871 2467 1011 2517 Helie,
1034 2466 1179 2508 subito
1211 2464 1260 2504 in
1286 2461 1476 2504 aetheris
1506 2462 1646 2512 rapto,
1671 2456 1840 2497 meritis

259 2545 510 2586 excolendis
537 2544 692 2598 qratia
709 2555 924 2597 superna,
949 2553 1058 2595 quae
1082 2539 1211 2580 illum
1232 2534 1495 2589 adsumpsit,
1519 2532 1775 2586 aequiparet
1790 2525 1838 2580 ¹⁰,

259 2627 311 2655 ac
326 2615 609 2668 superstitem
626 2613 899 2668 discipulum
916 2611 1171 2653 institutum
1187 2620 1285 2649 cum
1302 2604 1476 2646 asseclis
1488 2600 1517 2624 ¹¹
1539 2598 1799 2655 yubernand
1805 2597 1840 2637 is

258 2687 364 2729 Iesu
396 2687 714 2742 eleqantissimi
754 2686 879 2728 ducis
919 2698 970 2726 ac
1005 2683 1051 2724 F
1051 2683 1165 2723 inees
1195 2678 1362 2721 IIclisei
1400 2675 1667 2730 diynitatum
1700 2671 1839 2713 caris-

261 2761 458 2803 matibus
479 2761 672 2803 indultis
685 2757 721 2783 ¹²
750 2763 968 2815 perornet.
1040 2755 1157 2797 Uale.

319 2880 390 2922 40.
425 2866 691 2910 Narrabant
733 2867 894 2910 autem
926 2861 1060 2907 nobis
1092 2857 1265 2904 reuersi
1302 2854 1498 2901 comites
1531 2853 1626 2896 Deo
1670 2847 1837 2893 dilecti
1866 2853 2098 2939 ἓξέἒῗοὲίἶι

261 2940 413 2997 patris
465 2939 627 2992 nostri,
681 2938 792 2995 quia
843 2935 1058 2994 proxima.
1110 2934 1249 2976 nocte
1306 2931 1551 2986 postquam
1597 2922 1835 2979 sepulture
1869 2953 1920 2987 fri
1923 2954 1982 2986 d‘s

317 3060 332 3083 ¹
360 3061 596 3112 ganulfum
618 3061 651 3101 δ.
776 3058 792 3081 ²
820 3059 1060 3098 withberto
1083 3057 1116 3094 δ.
1244 3052 1258 3072 ³
1290 3050 1473 3102 legendo
1494 3051 1526 3086 δ.
1650 3046 1664 3068 ⁴
1693 3045 1780 3083 uiri
1803 3045 1835 3083 δ.
1867 3001 2004 3039 daeth'

261 3125 278 3149 ⁵
306 3127 563 3166 auctoritati
583 3139 658 3166 om.
678 3125 737 3164 H.
846 3125 862 3148 ⁶
891 3121 1093 3163 continui
1113 3119 1173 3159 H.
1288 3114 1302 3136 ⁷
1331 3127 1451 3155 orare
1471 3126 1542 3152 om.
1569 3111 1626 3150 Η.
1730 3108 1743 3128 ⁸
1773 3109 1838 3146 -ni

262 3193 284 3231 δ
464 3191 479 3213 ⁹
507 3203 744 3241 secumque
761 3191 795 3230 δ.
950 3186 981 3210 ¹⁰
1011 3187 1152 3236 -peret
1174 3183 1233 3222 H.
1254 3183 1289 3221 δ.
1439 3177 1466 3198 ¹¹
1497 3177 1552 3216 ad
1573 3175 1758 3216 saeculis
1780 3173 1839 3213 Η.

261 3224 295 3280 Π.
321 3256 517 3295 induleis
538 3255 597 3295 H.

986 3331 1130 3379 ndz
