2240 3444
370 138 398 188 1
409 141 433 189 1
442 139 475 189 6
827 137 893 190 H
890 137 1094 191 istoria
1131 137 1521 191 Ecclesiastica
1785 147 1894 200 [Lm.
1918 153 1973 191 11.

368 300 488 333 cum
528 301 621 334 sua
657 286 927 348 prouincia
965 285 1232 347 suscipere.
1311 286 1380 334 Et
1425 285 1638 348 quidem
1679 288 1824 348 pater
1866 287 1977 335 eius

370 368 609 417 Reduald
642 369 951 417 iamdudum
975 371 1032 416 in
1063 370 1248 418 Cantia
1281 369 1619 416 sacramentis
1652 369 1976 418 Christianae

371 451 494 499 fidei
518 452 736 500 inbutus
764 455 854 513 est,
888 453 977 500 sed
1011 452 1238 512 frustra3
1282 469 1406 499 nam
1432 452 1639 499 rediens
1665 453 1882 500 domum
1911 453 1974 501 ab

368 552 529 583 uxore
555 552 646 583 sua
679 538 729 583 et
762 535 1075 598 quibusdam
1100 535 1360 597 peruersis
1397 535 1694 583 doctoribus
1731 536 1976 584 seductus

369 621 459 679 est,
483 621 638 681 atque
657 636 685 666 a
706 619 1003 667 sinceritate
1021 618 1144 666 fidei
1161 619 1473 681 deprauatus
1491 618 1673 666 habuit
1689 619 1976 681 posteriora
2007 627 2208 686 012Matffia,

367 701 540 763 peiora
573 702 863 764 prioribus3
906 702 980 749 ita
1013 704 1072 749 ut
1106 701 1162 748 in
1196 718 1397 749 morem
1434 701 1775 764 antiquorum
1806 702 1977 750 Sama·
2006 689 2218 764 ffi'cffifffi

368 786 657 833 ritanorum
689 788 738 833 et
776 785 983 833 Christo
1021 785 1215 833 seruire
1248 786 1514 833 uideretur
1551 787 1601 833 et
1632 785 1745 847 diis,
1786 785 1976 848 quibus
2006 780 2195 872 ἓξὲ-

367 872 518 916 antea
544 869 801 916 seruiebat
825 887 834 924 ;
872 871 1028 931 atque
1052 869 1109 916 in
1144 868 1327 916 eodem
1352 868 1474 915 fano
1501 870 1551 916 et
1577 868 1737 916 altare
1762 868 1975 917 haberet
2006 890 2060 923 41.
2097 858 2104 866 ⁸

366 953 429 1000 ad
468 952 781 1000 sacrificium
820 952 1026 1013 Christi,
1071 955 1121 1000 et
1157 952 1359 999 arulam
1395 952 1458 999 ad
1496 951 1738 1000 uictimas
1775 952 1977 1000 daemo—

367 1035 590 1084 niorum.
660 1036 809 1096 Quod
833 1035 1082 1083 uidelicet
1107 1036 1288 1082 fanum
1306 1052 1396 1082 rex
1421 1035 1655 1082 eiusdem
1680 1035 1976 1098 prouinciae

366 1119 604 1179 Alduulf‚
639 1119 727 1181 qui
753 1121 931 1167 nostra
955 1120 1123 1167 aetate
1149 1119 1262 1180 fuit,
1295 1135 1459 1181 usque
1489 1120 1551 1167 ad
1587 1135 1743 1166 suum
1767 1121 1977 1182 tempus

366 1203 684 1265 perdurasse,
715 1205 766 1250 et
792 1219 846 1250 se
871 1203 928 1250 in
953 1202 1175 1265 pueritia
1199 1202 1394 1250 uidisse
1420 1203 1717 1251 testabatur.

78 1294 154 1328 His
437 1287 561 1334 Erat
581 1289 758 1335 autem
783 1287 1046 1349 praefatus
1064 1304 1155 1334 rex
1174 1286 1409 1334 Reduald
1430 1288 1557 1334 natu
1575 1285 1778 1347 nobilis,
1802 1302 1977 1348 quam-

77 1345 260 1379 QSOEH‘·
367 1371 495 1419 libet
545 1374 664 1419 actu
712 1371 973 1433 ignobilis,
1028 1371 1171 1419 filius
1232 1370 1411 1433 Tytiu
1469 1370 1614 1417 cuius
1674 1372 1821 1432 pater
1876 1370 1976 1417 fuit

368 1454 540 1515 Uuffa‚
582 1472 611 1502 a
649 1472 750 1517 quo
788 1471 932 1517 reges
971 1453 1321 1503 Orientalium
1358 1454 1658 1516 Anglorum
1702 1453 1979 1517 Uuffingas

366 1538 645 1600 appellant.

77 1625 218 1682 Pagan
440 1622 641 1670 Uerum
668 1622 929 1684 Eorpuald
950 1639 1055 1669 non
1079 1622 1262 1682 multo,
1283 1624 1561 1684 postquam
1581 1622 1741 1669 fidem
1763 1621 1971 1683 accepit,

76 1681 264 1762 5?ng
369 1709 602 1768 tempore
641 1707 838 1753 occisus
874 1708 952 1753 est
981 1723 1009 1753 a
1040 1705 1153 1753 uiro
1177 1705 1365 1768 gentili
1395 1705 1609 1753 nomine
1642 1702 1942 1753 Ricbercto1
1966 1723 1976 1765 ς

76 1776 218 1812 death.

369 1792 421 1837 et
447 1789 633 1837 exinde
669 1790 837 1837 tribus
874 1789 1027 1837 annis
1060 1789 1327 1852 prouincia
1360 1790 1417 1836 in
1453 1806 1622 1837 errore
1650 1791 1855 1836 uersata
1879 1790 1970 1848 est,

369 1872 531 1920 donec
567 1873 762 1934 accepit
802 1871 1059 1935 regnum2
1088 1872 1248 1920 frater
1283 1873 1517 1920 eiusdem
1544 1871 1830 1933 Eorpualdi
1870 1870 1977 1933 Sig-

367 1953 525 2015 berct,
555 1955 638 2002 uir
665 1972 758 2017 per
792 1956 970 2003 omnia
1012 1955 1495 2003 Christianissimus
1531 1971 1587 2003 ac
1625 1954 1970 2003 doctissimus,

77 2054 306 2090 Christian-
368 2038 470 2100 qui,
493 2038 707 2086 uiuente
732 2039 900 2086 adhuc
926 2039 1098 2099 fratre,
1137 2056 1257 2086 cum
1293 2039 1522 2086 exularet
1551 2038 1606 2086 in
1641 2038 1823 2099 Gallia,
1855 2038 1974 2085 fidei

74 2105 229 2140 isation
248 2106 294 2139 of

76 2155 338 2199 EastAnglia

74 2205 317 2290 llgsssseglfdig-
367 2221 582 2267 regnare
617 2204 798 2266 coepit,
831 2206 997 2252 totam
1032 2221 1180 2252 suam
1214 2205 1534 2266 prouinciam
1566 2205 1728 2251 facere
1755 2204 1969 2253 curauit.

76 2305 232 2350 Bishop
367 2288 527 2337 Cuius
565 2288 753 2335 studiis
788 2287 1159 2350 gloriosissime
1197 2288 1329 2336 fauit
1369 2287 1517 2335 Felix
1557 2287 1838 2349 episcopus,
1886 2287 1976 2350 qui

76 2355 203 2391 Felix.

367 2122 704 2169 sacramentis
737 2121 954 2169 inbutus
988 2124 1080 2181 est,
1121 2139 1343 2184 quorum
1377 2122 1696 2184 participem,
1729 2138 1850 2169 mox
1887 2121 1977 2169 ubi

367 2372 431 2420 de
457 2372 885 2434 Burgundiorum
915 2371 1163 2434 partibus,
1194 2372 1285 2419 ubi
1320 2374 1462 2420 ortus
1497 2377 1547 2419 et
1581 2372 1850 2420 ordinatus
1877 2376 1968 2434 est,

367 2473 488 2504 cum
521 2455 754 2503 uenisset
790 2456 852 2503 ad
892 2454 1192 2502 Honorium
1227 2455 1686 2517 archiepiscopum,
1719 2457 1869 2517 eique
1902 2456 1976 2504 in-

368 2537 588 2585 dicasset
615 2537 933 2586 desiderium
959 2554 1128 2598 suum,
1160 2537 1308 2584 misit
1333 2554 1454 2584 eum
1479 2537 1543 2585 ad
1568 2538 1974 2599 praedicandum

368 2621 591 2669 uerbum
620 2621 758 2668 uitae
782 2621 1041 2683 praefatae
1058 2621 1073 2643 3
1105 2620 1305 2667 nationi
1330 2620 1642 2682 Anglorum.
1721 2621 1827 2669 Nec
1854 2625 1975 2670 uota

368 2705 534 2766 ipsius
567 2705 622 2751 in
657 2721 860 2752 cassum
879 2703 1149 2764 -cecidere;
1199 2703 1327 2765 quin
1353 2703 1526 2765 potius
1563 2703 1794 2752 fructum
1826 2706 1884 2752 in
1918 2723 1975 2755 ea

368 2787 717 2849 multiplicem
745 2787 1073 2835 credentium
1103 2787 1420 2849 populorum
1445 2786 1564 2848 pius
1589 2788 1700 2850 agri
1727 2788 1975 2849 spiritalis

368 2871 536 2918 cultor
582 2871 800 2919 inuenit.
901 2870 1171 2932 Siquidem
1220 2872 1386 2917 totam
1435 2870 1582 2918 illam
1630 2871 1967 2932 prouinciam,

367 2954 512 3002 iuxta
560 2954 642 3001 sui
690 2953 922 3001 nominis
969 2955 1364 3013 sacramentum,
1418 2970 1447 3001 a
1495 2954 1650 3017 longa
1697 2954 1972 3016 iniquitate

367 3038 522 3098 atque
547 3036 852 3084 infelicitate
878 3037 1167 3097 liberatam,
1194 3037 1256 3084 ad
1282 3035 1441 3083 fidem
1469 3038 1518 3083 et
1544 3053 1698 3098 opera
1723 3036 1965 3096 iustitiae,

367 3137 423 3167 ac
449 3122 727 3182 perpetuae
746 3119 1009 3167 felicitatis
1036 3120 1171 3167 dona
1190 3119 1447 3181 perduxit,
1473 3121 1768 3183 accepitque
1795 3121 1969 3168 sedem

423 3228 436 3249 ¹
466 3231 667 3269 -berchto
689 3231 735 3270 G.
889 3228 904 3250 ²
933 3242 1135 3281 regnum,
1157 3233 1284 3269 added
1304 3243 1352 3268 on
1370 3233 1528 3279 ‘marffl’n
1548 3230 1610 3270 M.
1735 3229 1749 3252 ³
1780 3231 1833 3269 -ti
1856 3230 1914 3270 M.
