2240 3444
345 102 453 152 284
796 99 1062 153 Historia
1101 98 1486 172 Ecclesz'astica
1757 106 1866 159 [Lm.
1890 109 1939 149 V.

343 243 394 288 et
419 240 814 303 adprehendens
839 256 961 288 eum
986 241 1049 289 de
1078 241 1271 300 mento,
1303 238 1516 302 signum
1547 239 1754 285 sanctae
1780 237 1944 286 crucis

343 323 552 386 linguae
588 324 699 372 eius
735 323 993 386 inpressit,
1024 340 1181 386 quam
1216 323 1473 385 signatam
1510 337 1750 369 reuocare
1778 320 1835 368 in
1868 337 1938 381 os,

345 410 397 455 et
434 407 580 470 loqui
615 407 768 455 illum
802 407 1097 470 praecepit:
1143 406 1376 466 ‘Dicito,’
1412 404 1671 468 inquiens,
1709 403 1945 467 ‘aliquod

344 490 580 552 uerbum,
625 491 781 539 dicito
816 508 908 554 gae
930 490 979 553 ζ’
1006 491 1144 553 quod
1171 492 1248 538 est
1285 489 1465 551 lingua
1502 488 1803 551 Anglorum
1839 504 1948 536 uer-

342 576 470 623 bum
503 575 819 624 adfirmandi
853 577 904 623 et
935 574 1310 634 consentiendi,
1342 574 1395 622 id
1429 575 1519 630 est,
1551 572 1724 621 etiam.
1799 571 1947 620 Dixit

342 659 433 707 ille
471 658 666 720 statim,
711 659 880 707 soluto
917 658 1132 707 uinculo
1172 659 1393 720 linguae,
1427 657 1565 720 quod
1608 656 1782 704 iussus
1820 658 1941 705 erat.

344 742 566 791 Addidit
615 742 884 805 episcopus
932 742 1147 790 nomina
1193 742 1524 790 litterarum:
1576 740 1779 788 ‘Dicito
1828 736 1948 799 A';

345 826 478 875 dixit
504 825 591 874 ille
610 825 626 850 ²
653 827 716 875 A.
802 826 1001 874 ‘Dicito
1032 827 1076 874 Β
1096 826 1107 845 ’
1133 844 1144 887 3
1171 825 1302 874 dixit
1327 825 1418 873 ille
1444 827 1495 873 et
1519 824 1630 873 hoc.
1709 823 1949 885 Cumque

345 910 552 973 singula
595 909 892 957 litterarum
935 909 1151 957 nomina
1200 909 1406 958 dicente
1455 908 1693 971 episcopo
1741 923 1951 969 respon·

344 994 503 1055 deret,
546 992 747 1041 addidit
789 995 840 1041 et
883 992 1108 1055 syllabas
1155 1009 1213 1042 ac
1256 993 1416 1041 uerba
1464 992 1683 1041 dicenda
1723 990 1804 1039 illi
1839 1007 1949 1054 pro-

342 1093 549 1139 ponere.
623 1076 693 1124 Et
713 1093 834 1124 cum
855 1075 910 1124 in
930 1076 1177 1124 omnibus
1197 1078 1574 1139 consequenter
1592 1076 1942 1137 responderet,

342 1159 602 1224 praecepit
649 1176 770 1207 eum
820 1159 1108 1207 sententias
1156 1159 1418 1223 longiores
1466 1160 1650 1220 dicere,
1694 1161 1745 1207 et
1792 1157 1947 1219 fecit3

342 1261 513 1306 neque
551 1243 691 1291 ultra
731 1243 950 1291 cessauit
986 1245 1095 1291 tota
1135 1242 1219 1291 die
1261 1243 1352 1290 illa
1394 1244 1445 1291 et
1487 1244 1638 1291 nocte
1679 1243 1943 1304 sequente,

344 1329 602 1390 quantum
650 1326 868 1390 uigilare
915 1325 1100 1388 potuit,
1156 1328 1215 1374 ut
1264 1326 1457 1387 ferunt,
1512 1325 1603 1388 qui
1650 1327 1948 1388 praesentes

342 1412 499 1471 fuere,
548 1410 693 1473 loqui
741 1410 956 1472 aliquid,
1012 1413 1063 1458 et
1111 1427 1298 1459 arcana
1346 1427 1468 1458 suae
1516 1409 1844 1473 cogitationis
1892 1426 1948 1457 ac

343 1494 647 1555 uoluntatis,
691 1494 829 1556 quod
870 1510 1164 1556 numquam
1205 1496 1359 1542 antea
1396 1493 1583 1556 potuit,
1625 1493 1742 1541 aliis
1781 1495 1948 1541 osten·

343 1578 497 1637 dere3
535 1577 591 1625 in
629 1577 1036 1626 similitudinem
1074 1577 1218 1625 illius
1256 1577 1345 1625 diu
1385 1576 1570 1638 claudi,
1616 1576 1708 1639 qui
1741 1579 1951 1625 curatus

341 1660 405 1708 ab
436 1661 687 1723 apostolis
710 1661 868 1708 Petro
894 1667 945 1709 et
971 1661 1223 1721 Iohanne,
1254 1659 1474 1708 exiliens
1501 1659 1659 1719 stetit,
1692 1662 1743 1708 et
1775 1659 1951 1708 ambu-

343 1743 483 1791 labat
508 1762 518 1803 ;
558 1745 609 1791 et
642 1743 862 1793 intrauit
897 1761 1017 1792 curn
1048 1744 1156 1792 illis
1182 1744 1239 1792 in
1269 1743 1544 1806 templum,
1576 1742 1867 1804 ambulans,
1899 1744 1950 1790 et

345 1826 575 1888 exilienS,
609 1830 660 1876 et
696 1827 917 1876 laudans
952 1828 1245 1877 Dominum
1272 1846 1281 1888 ;
1320 1827 1552 1890 gaudens
1583 1826 1841 1875 nimirum
1870 1826 1951 1875 uti

346 1910 511 1959 officio
568 1912 776 1973 pedum,
831 1929 934 1975 quo
982 1914 1131 1960 tanto
1181 1914 1290 1960 erat
1350 1913 1587 1974 tempore
1647 1910 1947 1958 destitutus.

344 1994 504 2042 Cuius
536 1995 750 2044 sanitati
784 1996 1117 2058 congaudens
1151 1995 1425 2058 episcopus
1457 1994 1718 2057 praecepit
1747 1993 1950 2042 medico

350 2080 534 2138 ¹etiam
577 2080 836 2128 sanandae
879 2080 1170 2128 scabredini
1209 2079 1394 2142 capitis
1433 2078 1544 2127 eius
1587 2095 1766 2126 curam
1809 2077 1949 2126 adhi-

341 2166 478 2214 bere.

416 2250 571 2308 Fecit,
611 2250 670 2295 ut
708 2247 938 2308 iusserat,
978 2250 1030 2295 et
1066 2247 1281 2296 iuuante
1312 2246 1676 2295 benedictione
1707 2263 1764 2294 ac
1793 2245 1950 2309 preci-

345 2330 443 2377 bus
490 2328 754 2387 antistitis,
809 2330 931 2376 nata
973 2330 1052 2375 est
1101 2344 1221 2375 cum
1269 2326 1492 2376 sanitate
1542 2326 1677 2374 cutis
1726 2327 1951 2374 uenusta

345 2413 542 2475 species
603 2412 924 2474 capillorum,
979 2411 1250 2474 factusque
1307 2414 1386 2459 est
1441 2409 1651 2458 iuuenis
1697 2408 1951 2472 limpidus

348 2497 502 2546 uultu
530 2499 581 2544 et
607 2494 836 2558 loquella
860 2497 1111 2557 promtus,
1144 2495 1346 2557 capillis
1372 2494 1724 2558 pulcherrime
1748 2492 1945 2556 crispis,

349 2581 440 2645 qui
480 2582 603 2628 ante
645 2578 816 2626 fuerat
858 2577 1120 2638 deformis,
1152 2595 1358 2641 pauper,
1403 2581 1454 2626 et
1492 2580 1688 2627 mutus.
1764 2577 1952 2640 Sicque

350 2666 413 2714 de
449 2665 690 2727 percepta
723 2662 943 2709 laetatus
981 2661 1243 2723 sospitate,
1277 2663 1526 2711 offerente
1563 2661 1724 2710 etiam
1762 2661 1809 2709 ei
1847 2659 1950 2723 epi-

349 2764 515 2809 scopo,
559 2745 652 2794 ut3
685 2745 742 2793 in
790 2761 884 2793 sua
921 2744 1120 2792 familia
1167 2745 1419 2793 manendi
1457 2745 1633 2793 locum
1676 2744 1945 2807 acciperet,

351 2828 516 2891 magis
542 2829 760 2876 domum
787 2844 1029 2876 reuersus
1055 2830 1146 2876 est.

407 2939 416 2959 ¹
448 2951 514 2988 gae
535 2939 571 2977 B
590 2952 599 2986 ;
631 2936 708 2988 gea
726 2937 788 2988 ΟΖ,
811 2952 862 2977 on
880 2951 1046 2978 erasure.
1148 2936 1163 2959 ²
1193 2938 1285 2984 ille,
1308 2942 1433 2977 added
1452 2952 1501 2977 οη
1517 2942 1676 2986 marqin
1697 2937 1753 2977 M.
1843 2936 1857 2959 ⁸
1887 2939 1953 2982 ut,

351 3009 474 3045 added
496 3020 545 3045 οη
565 3009 723 3054 marqin
744 3005 800 3045 M.

1982 1673 2071 1708 Act.
2093 1671 2148 1706 iii.

1981 2089 2007 2124 f.
2034 2100 2093 2124 101
2115 2099 2148 2124 a.
