2240 3444
59 682 195 716 Abbot

61 731 263 768 Hadrian.

70 2092 280 2127 Theodore
289 2090 334 2126 of

69 2143 219 2178 Tarsus
238 2153 330 2177 con-

70 2193 258 2228 secrated

71 2243 319 2287 archbishop

72 2309 77 2324 ε
88 2294 117 2327 »f
130 2294 204 2328 the

73 2343 260 2388 English,

74 2394 219 2428 March
239 2393 291 2437 26,

73 2446 150 2478 (468.

352 100 459 151 5202
806 96 1068 149 Historia
1107 95 1499 149 Ecclesiastica
1748 104 1858 157 [Lm.
1882 106 1952 149 1V.

351 245 507 293 tolico
533 244 792 307 patefecit,
824 261 931 292 non
956 244 1127 293 multo
1152 246 1270 306 post
1299 246 1350 292 et
1375 243 1500 306 ipse,
1534 244 1586 290 et
1610 259 1793 291 omnes
1818 259 1952 305 pene

351 328 440 390 qui
458 345 579 376 cum
605 345 663 376 eo
679 328 1002 376 aduenerant
1026 327 1152 375 socii
1168 327 1197 389 ¹,
1223 325 1525 389 pestilentia
1550 325 1955 388 superueniente

352 411 512 459 deleti
538 413 676 460 sunt.

421 496 494 543 At
524 494 838 558 apostolicus
869 510 1002 557 papa
1026 492 1208 542 habito
1234 493 1297 541 de
1321 492 1406 541 his
1432 492 1662 554 consilio,
1696 491 1956 555 quaesiuit

353 579 578 640 sedulus,
636 595 794 641 quem
855 577 1086 625 ecclesiis
1146 576 1446 640 Anglorum
1506 575 1957 638 archiepiscopum

351 662 602 711 mitt-eret.
681 661 809 709 Erat
840 663 1018 709 autem
1051 659 1106 707 in
1142 659 1459 708 monasterio
1486 658 1786 720 Niridano2,
1819 659 1958 722 quod

353 748 432 794 est
456 763 565 793 non
591 745 744 807 longe
778 761 807 792 a
833 743 1054 806 Neapoli
1084 743 1413 805 Campaniae,
1450 742 1609 791 abbas
1634 742 1951 804 Hadrianus,

352 828 435 876 uir
484 828 699 876 natione
747 826 908 887 Afirss,
955 826 1114 874 sacris
1161 825 1355 874 litteris
1394 826 1673 888 diligenter
1719 825 1953 887 inbutus,

352 911 810 960 monasterialibus
870 909 1031 958 simul
1090 911 1141 957 et
1214 909 1607 958 ecclesiasticisl
1667 908 1960 972 disciplinis

353 995 645 1054 institutus,
693 995 886 1042 Grecae
925 992 1120 1055 parit-er
1160 995 1211 1041 et
1250 994 1469 1042 Latinae
1510 993 1721 1056 linguae
1762 992 1961 1055 peritis·

355 1081 533 1127 simus.
612 1077 773 1125 Hunc
818 1077 881 1125 ad
926 1093 980 1124 se
1023 1075 1248 1125 accitum
1290 1093 1425 1139 papa
1465 1076 1619 1125 iussit
1661 1077 1961 1140 episcopatu

355 1164 564 1224 accepto
608 1160 930 1208 Brittaniam
970 1160 1164 1209 uenire.
1244 1160 1346 1222 Qui
1384 1160 1663 1223 indignum
1713 1177 1767 1208 se
1812 1162 1961 1208 tanto

356 1245 538 1309 gradui
586 1244 922 1306 respondenS,
971 1244 1246 1292 ostendere
1293 1260 1444 1306 posse
1493 1261 1546 1292 se
1595 1244 1728 1292 dixit
1776 1244 1956 1306 alium,

357 1329 505 1377 cuius
529 1329 697 1391 magis
733 1328 797 1375 ad
836 1327 1227 1390 suscipiendum
1261 1328 1620 1390 episcopatum
1654 1330 1705 1376 et
1739 1327 1962 1376 eruditio

361 1412 680 1472 conueniret,
727 1413 780 1459 et
821 1414 974 1460 aetas.
1053 1412 1292 1475 Cumque
1333 1412 1654 1461 monachum
1698 1412 1964 1474 quendam

359 1497 421 1545 de
468 1496 642 1544 uicino
693 1495 965 1557 uirginum
1021 1495 1351 1558 monasterio,
1407 1495 1624 1543 nomine
1672 1495 1957 1556 Andream‚

358 1578 599 1643 pontifici
632 1579 853 1640 offerret,
885 1579 971 1626 hic
1008 1579 1072 1627 ab
1106 1579 1366 1640 omnibus,
1405 1579 1495 1642 qui
1526 1595 1731 1640 nouere,
1773 1578 1964 1641 dignus

359 1664 656 1726 episcopatu
696 1662 954 1710 iudicatus
994 1665 1086 1711 est.
1166 1663 1369 1712 Uerum
1411 1664 1651 1726 pondus5
1694 1678 1966 1725 corporeae

359 1746 698 1806 infirmitatis,
754 1762 820 1792 ne
870 1744 1144 1808 episcopus
1192 1746 1305 1793 fieri
1351 1748 1541 1809 posset,
1598 1744 1818 1794 obstitit.
1896 1744 1966 1792 Et

358 1847 571 1878 rursum
597 1828 903 1877 Hadrianus
929 1829 992 1876 ad
1020 1829 1411 1892 suscipiendum
1438 1829 1794 1892 episcopatum
1818 1830 1966 1876 actus

360 1916 437 1962 est
464 1932 475 1975 3
514 1913 604 1976 qui
628 1914 814 1975 petens
845 1912 1090 1974 indutias,
1122 1913 1166 1960 si
1199 1913 1334 1961 forte
1366 1913 1544 1974 alium,
1577 1913 1668 1976 qui
1693 1912 1965 1976 episcopus

360 1997 700 2057 ordinaretur,
733 2013 795 2043 ex
821 1997 1056 2058 tempore
1079 1999 1256 2058 posset
1279 1996 1532 2045 inuenire.

430 2081 557 2128 Erat
616 2080 730 2142 ipso
792 2081 1030 2141 tempore
1089 2081 1286 2128 Romae
1345 2080 1636 2128 monachus
1695 2079 1965 2128 Hadriano

362 2166 533 2221 notus,
562 2163 778 2211 nomine
813 2163 1128 2225 Theodorus,
1172 2166 1327 2212 natus
1358 2164 1516 2212 Tarso
1551 2163 1775 2226 Ciliciae,
1804 2163 1886 2211 uir
1916 2164 1967 2210 et

363 2247 615 2296 saeculari
652 2250 703 2295 et
741 2247 921 2295 diuina
954 2247 1261 2310 litteratura,
1301 2249 1354 2296 et
1391 2248 1553 2296 Grece
1587 2247 1877 2295 instructus
1915 2249 1967 2295 et

363 2331 564 2393 Latine,
600 2331 795 2393 probus
831 2331 1079 2392 moribUS,
1123 2333 1175 2379 et
1217 2333 1385 2379 aetate
1422 2332 1766 2392 uenerandus,
1797 2330 1850 2378 id
1889 2332 1968 2378 est

363 2432 530 2463 annos
584 2414 784 2462 habens
843 2414 1027 2462 aetatis
1087 2414 1186 2462 LX
1246 2416 1297 2462 et
1349 2414 1443 2463 VI.
1523 2414 1684 2462 Hunc
1744 2414 1969 2462 offerens

365 2499 669 2547 Hadrianus
693 2498 944 2560 pontifici,
970 2499 1029 2545 ut
1049 2498 1320 2559 episcopus
1340 2497 1680 2559 ordinaretur,
1706 2496 1968 2558 obtinuit3

365 2582 449 2630 his
502 2584 681 2630 tamen
735 2581 1127 2629 condicionibus
1182 2580 1522 2643 interpositis,
1577 2583 1637 2629 ut
1685 2581 1797 2643 ipse
1846 2598 1969 2628 eum

365 2666 671 2728 perduceret
715 2664 1046 2725 Brittaniam,
1096 2680 1155 2712 eo
1199 2664 1337 2725 quod
1376 2663 1482 2712 iam
1518 2663 1598 2711 bis
1633 2666 1807 2726 partes
1848 2664 1969 2713 Gral-

365 2750 557 2797 liarum
598 2749 820 2796 diuersis
862 2765 924 2796 ex
964 2747 1132 2796 causis
1170 2747 1374 2808 adisset,
1425 2749 1477 2794 et
1518 2747 1582 2795 ob
1625 2747 1679 2795 id
1719 2747 1971 2796 maiorem

367 2832 525 2880 huius
551 2832 755 2880 itineris
778 2832 1061 2895 peragendi
1086 2830 1329 2879 notitiam
1354 2830 1582 2892 haberet,
1605 2831 1971 2893 sufficiensque

369 2918 504 2963 esset
546 2915 601 2963 in
640 2916 962 2978 possessione
995 2915 1277 2964 hominum
1316 2914 1678 2977 propriorum3
1728 2916 1780 2963 et
1821 2916 1881 2962 ut
1924 2913 1973 2962 ei

425 3059 437 3080 ¹
469 3062 576 3100 socii
598 3063 694 3100 eius
715 3062 762 3101 C.
784 3060 853 3102 B2.
1009 3061 1024 3083 2
1054 3063 1116 3101 sic
1137 3061 1188 3102 Β.
1211 3060 1258 3101 C.
1279 3061 1367 3100 AS.
1389 3061 1454 3110 Ol.
1477 3061 1608 3111 03-11.
1643 3061 1789 3112 014-15.
1812 3062 1864 3101 D.
1887 3062 1939 3111 R,
1963 3075 1973 3110 3

370 3127 583 3166 hiridano
606 3128 665 3167 M.
688 3128 741 3167 N.
763 3128 821 3180 Al
843 3141 852 3176 ;
883 3127 1062 3166 iridano
1083 3128 1161 3176 H1.
1288 3126 1304 3151 3
1335 3127 1429 3166 afer
1450 3126 1528 3167 M2.
1550 3126 1623 3168 N2.
1755 3128 1768 3151 4
1799 3140 1892 3167 -cae
1913 3128 1973 3167 M.

371 3193 384 3215 ⁵
414 3193 602 3245 pondus,
626 3198 751 3233 ddcled
771 3208 819 3232 on
840 3197 999 3243 mamm
1019 3194 1078 3234 M.

1996 2164 2086 2200 Act.
2112 2163 2210 2198 xxii.

1997 2228 2016 2260 3
2034 2228 2041 2260 3
2058 2214 2120 2272 pf.
2143 2213 2197 2249 ib.

1996 2277 2079 2300 xxi.
2102 2276 2156 2311 39.
