2175 3439
41 2352 67 2386 f.

184 142 353 194 Pana]
693 135 883 188 Gentis
924 137 972 188 A
988 137 1261 205 mulorum.
1735 142 1763 189 7

182 279 517 340 perceperint,
583 280 835 328 nonnulla
895 280 1025 327 mihi
1085 298 1145 328 ex
1207 285 1349 342 parto
1410 282 1760 342 pr‹›‹li‹l‹·runt.

183 361 420 422 Denique
452 362 655 409 hortatu
690 362 958 424 praecipue
992 363 1154 424 ipsius
1190 363 1386 420 Albini,
1420 366 1475 409 ut
1513 364 1605 409 hoc
1638 380 1766 423 opus

180 443 389 504 adgredi
432 445 688 504 auderem,
730 447 1036 506 prouocatus
1078 460 1207 492 sum.
1301 445 1400 492 Sed
1449 448 1499 491 ot
1546 445 1763 491 Danihel
1799 455 1954 509 Danu-1.

183 525 634 574 reuerentissimus
654 526 1065 574 Occidentalium
1086 527 1349 574 Saxonum
1374 526 1654 587 episcopus,
1679 526 1766 587 qni
1800 504 2004 586 ξῖζῇὴζζιζζζί

184 623 321 654 nunc
347 624 508 670 usque
535 613 779 670 superest,
811 609 1064 656 nonnulla
1099 609 1230 655 mihi
1256 607 1349 655 de¹
1372 608 1585 655 historia
1622 609 1771 655 eccle-
1802 605 1966 635 ⁵³¹X‘*¹¹“·

183 690 387 738 siastica.
416 691 710 752 prouinciae
735 692 909 753 ipsius,
941 692 1100 739 simul
1126 693 1177 738 et
1208 690 1442 752 proxima
1467 691 1545 738 illi
1566 692 1772 738 Austra-

183 772 314 819 lium
365 773 643 833 Saxonum,
699 790 792 821 nec
840 791 945 821 non
994 776 1046 821 et
1096 774 1287 822 Uectae
1335 772 1536 819 insulae
1585 772 1772 819 litteris

183 855 426 903 mandata
466 856 754 904 declarauit.
850 856 1083 916 Qualiter
1125 872 1249 903 uero
1292 872 1382 917 per
1425 855 1768 902 ministeriun)

182 936 342 985 Ceddi
378 941 430 985 et
467 938 666 986 Ceadda
703 939 1062 1000 religiosorum
1095 937 1291 986 Christi
1324 938 1658 986 sacerdotum.
1692 938 1770 983 uel

181 1020 449 1081 prouincia
501 1021 810 1068 Merciorum
859 1021 922 1068 ad
972 1021 1130 1068 fidem
1189 1019 1395 1080 Christi,
1452 1036 1607 1081 quam
1669 1036 1773 1065 non

184 1105 410 1163 nouerat,
431 1105 741 1164 peruenerit,
763 1103 849 1150 uel
864 1102 1131 1165 prouincia
1150 1102 1496 1151 Orientalium
1513 1102 1771 1149 Saxonum

183 1184 354 1245 fidem,
399 1202 555 1247 quam
594 1185 719 1233 olim
759 1185 1130 1245 exsufflauerat,
1174 1184 1566 1246 recuperauerit,
1610 1183 1774 1245 qualis

183 1267 340 1315 etiam
383 1268 614 1330 ipsorum
651 1271 861 1329 patrum
897 1268 1008 1315 uita
1046 1267 1131 1315 uel
1169 1266 1341 1314 obitus
1383 1265 1626 1326 extiterit,
1669 1265 1776 1313 dili-

182 1353 362 1413 genter
385 1367 414 1398 a
445 1351 691 1398 fratribus
727 1350 1043 1409 monasterii,
1075 1350 1211 1411 quod
1249 1349 1312 1396 ab
1350 1349 1476 1410 ipsis
1505 1348 1775 1395 conditum
1805 1361 1889 1395 The.
1917 1362 2063 1395 monks

1805 1411 1851 1445 of
1865 1411 2051 1450 Lnsting-

185 1433 507 1496 Laestingaeu
528 1432 543 1456 ²
605 1433 1013 1496 cognominatur,
1078 1431 1403 1494 agnouimus.
1496 1432 1659 1478 Porro
1719 1430 1775 1478 in
1805 1461 1912 1496 ham.

184 1516 449 1579 prouincia
491 1515 838 1564 Orientalium
875 1516 1184 1576 Anglorum,
1229 1531 1357 1576 quae
1396 1514 1591 1561 fuerint
1633 1517 1772 1575 gesta

184 1599 532 1659 ecclesiastica,
563 1601 755 1661 partim
780 1615 841 1645 ex
867 1598 1074 1659 scriptis
1100 1598 1184 1644 uel
1220 1596 1497 1645 traditione
1523 1597 1767 1657 priorum,

182 1683 372 1745 partim
391 1681 804 1729 reuerentissimi
822 1681 1022 1729 abbatis
1041 1680 1133 1727 Esi
1156 1679 1408 1727 relatione
1424 1678 1764 1740 conperimus.
1804 1688 1934 1722 Ai·›12·‹‚†
1957 1689 2035 1722 Esi.

132 1808 149 1823 a,
184 1767 257 1813 At
284 1782 408 1813 uero
446 1765 501 1812 in
539 1764 807 1826 prouincia
849 1762 1126 1822 Lindissi3,
1170 1778 1299 1824 quae
1338 1761 1445 1808 sint
1483 1763 1627 1823 gesta
1657 1777 1773 1821 erga

90 2363 158 2388 281·

183 1849 342 1897 fidem
363 1847 568 1905 Christi,
591 1863 789 1908 quaeue
807 1846 1060 1894 successio
1079 1843 1405 1893 sacerdotalis
1429 1843 1673 1903 extiterit,
1695 1842 1779 1890 uel

185 1931 374 1979 litteris
398 1929 807 1978 reuerentissimi
831 1927 1085 1976 antistitis
1099 1919 1396 1990 Cynibercti
1413 1927 1428 1950 ‘¹
1449 1926 1533 1973 uel
1558 1925 1778 1973 aliorum
1810 1939 1960 1994 Bislyq.

187 2014 423 2062 fidelium
448 2013 682 2061 uirorum
706 2012 829 2060 uiua
848 2029 972 2086 uoce
989 2011 1279 2058 didicimus.
1359 2009 1498 2069 Quae
1522 2014 1696 2056 autem
1723 2008 1778 2054 in
1810 1990 2014 2031 Cynmert.

190 2096 749 2159 Nordanhymbrorum
787 2094 1067 2157 prouincia,
1111 2110 1174 2141 ex
1210 2109 1312 2155 quo
1350 2094 1585 2153 tempore
1622 2091 1778 2138 fidem

190 2178 383 2230 Christi
424 2181 778 2241 perceperunt,
828 2193 993 2239 usque
1030 2177 1094 2224 ad
1132 2161 1377 2237 praesens
1423 2191 1515 2235 per
1552 2173 1780 2221 diuersas

190 2263 423 2326 regiones
439 2262 495 2308 in
512 2260 724 2309 ecclesia
739 2260 845 2308 sint
861 2261 985 2320 acta,
1001 2276 1109 2307 non
1124 2275 1229 2305 uno
1248 2257 1476 2319 quolibet
1492 2258 1710 2305 auctore,
1748 2254 1752 2310 1'

190 2347 279 2394 sed
306 2345 448 2393 fideli
473 2344 871 2391 innumerorum
897 2341 1126 2401 testium,
1157 2340 1247 2402 qui
1271 2340 1396 2387 haec
1422 2339 1548 2386 scire
1572 2338 1657 2385 uel
1683 2355 1782 2385 me-
1813 2352 2007 2387 Personal

191 2429 405 2477 minisse
430 2427 681 2489 poterant,
706 2425 998 2473 adsertione
1024 2423 1257 2486 cognoui,
1282 2421 1507 2484 exceptis
1533 2420 1628 2480 his,
1655 2437 1781 2482 quae
1814 2402 2061 2470 knowledge

190 2529 281 2575 per
303 2528 387 2558 me
412 2510 584 2572 ipsum
621 2524 772 2555 nosse
796 2509 1043 2569 poteram.
1122 2506 1272 2553 Inter
1307 2521 1437 2566 quae
1475 2504 1774 2551 notandum.

191 2595 328 2657 quod
366 2610 436 2653 ea,
479 2608 610 2654 quae
647 2591 710 2638 de
746 2589 1073 2638 sanctissimo
1109 2591 1252 2650 patre
1288 2590 1338 2634 et
1380 2586 1612 2634 antistite
1654 2585 1782 2633 Cud-

190 2678 363 2725 bercto
380 2677 409 2736 ⁵,
443 2675 527 2722 uel
556 2674 613 2720 in
643 2673 741 2720 hoc
775 2672 1060 2732 uolumine,
1091 2671 1177 2718 uel
1213 2670 1268 2717 in
1307 2669 1483 2716 libello
1520 2670 1781 2730 gestorum

192 2758 356 2822 ipsius
395 2756 689 2818 conscripsi,
732 2755 922 2818 partim
959 2771 1019 2801 ex
1057 2753 1144 2814 eis,
1178 2769 1307 2814 quae
1348 2752 1410 2799 de
1447 2750 1537 2797 illo
1573 2749 1718 2811 prius
1755 2765 1783 2796 a
1814 2761 1878 2817 4¹}
1899 2761 2036 2817 eal-lim

192 2841 435 2889 fratribus
496 2838 737 2887 ecclesiae
809 2835 1252 2885 Lindisfarnensis
1315 2833 1501 2894 scripta
1563 2831 1776 2893 repperi.
1813 2811 2027 2894 {ssffiss'f‚,‚,.,

191 2924 432 2982 adsumsi,
476 2920 783 2983 simpliciter
830 2919 989 2967 fidem
1038 2917 1296 2976 historiae,
1340 2931 1494 2977 quam
1531 2914 1777 2976 legebam,

249 3048 259 3069 ¹
294 3049 347 3086 de
370 3060 442 3085 om.
466 3046 539 3084 M1.
687 3043 702 3064 ²
732 3045 864 3082 luest-
888 3044 940 3081 N.
1102 3042 1116 3062 ³
1147 3040 1252 3078 -disi
1270 3040 1321 3077 N.
1493 3037 1506 3058 ⁴
1538 3038 1703 3075 -berhti
1726 3037 1756 3074 C

195 3113 460 3164 cynibericti
481 3111 534 3150 Ν1
555 3125 564 3160 ;
586 3110 835 3149 cunibercti
858 3110 925 3147 Nl.
1136 3107 1150 3129 ⁵
1179 3105 1381 3143 -berchto
1404 3105 1434 3142 C
1455 3117 1462 3149 ;
1501 3104 1678 3141 -hericto
1700 3102 1757 3140 Nl

194 3181 336 3219 ·berto
357 3179 423 3218 ΝΖ.
