2240 3444
132 1268 270 1303 Death
289 1266 335 1302 of

133 1319 257 1363 Cedd,
279 1329 313 1353 A.
328 1329 365 1353 D.

133 1370 212 1411 (16.1..

136 1685 211 1719 His

136 1733 338 1769 brothers.

421 104 525 155 176
875 102 1142 155 Historia
1181 100 1571 155 Ecclesiccstica
1812 109 1923 162 [Lm.
1946 112 2022 151 111.

416 253 684 312 restarent,
715 250 864 299 uenit
898 251 989 314 qui
1023 251 1268 300 clamaret
1299 268 1421 299 eum
1458 251 1521 299 ad
1553 266 1740 312 regem.
1819 250 1894 297 At
1919 248 2021 310 ille,

417 353 483 384 ne
521 352 651 398 opus
687 335 994 398 religiosum
1024 335 1355 398 negotiorum
1393 334 1651 398 regalium
1688 350 1838 381 causa
1872 335 2028 381 inter-

417 420 730 480 mitteretur,
761 419 914 482 petiit
943 419 1311 482 presbyterum
1345 436 1501 467 suum
1527 415 1906 480 Cynibillum1,
1937 415 2029 479 qui

419 503 578 552 etiam
605 504 766 551 frater
790 520 1070 566 germanus
1096 505 1203 551 erat
1228 503 1407 565 ipsius,
1439 503 1523 565 pia
1555 503 1735 564 coepta
1767 500 2022 563 conplere.

420 587 517 636 Cui
566 604 684 635 cum
745 587 835 634 ille
894 587 1121 635 libenter
1175 586 1544 649 adquiesceret,
1599 585 1806 647 expleto
1855 582 2029 632 studio

419 670 740 718 ieiuniorum
784 673 835 718 et
876 670 1138 731 orationis,
1176 670 1299 718 fecit
1342 670 1419 718 ibi
1460 667 1855 728 monasterium,
1891 665 2029 729 quod

421 771 562 802 nunc
590 754 939 816 Laestingaeu
958 753 974 778 2
999 756 1230 814 uocatur,
1262 756 1313 802 et
1339 753 1599 816 religiosis
1624 752 1860 800 moribus
1885 750 2033 798 iuxta

420 837 553 885 ritus
579 837 1109 898 Lindisfarnensium,
1136 837 1228 885 ubi
1253 839 1501 886 educatus
1526 839 1646 898 erat,
1678 834 1926 884 instituit.

492 921 593 982 Qui
626 938 747 969 cum
784 921 937 969 annis
975 921 1160 969 multis
1190 923 1242 969 et
1273 921 1330 969 in
1369 921 1601 984 praefata
1633 919 1903 983 prouincia
1936 916 2036 980 epi·

421 1007 692 1067 scopatum
737 1004 1145 1066 administraret,
1191 1008 1242 1053 et
1280 1005 1440 1053 huius
1483 1021 1690 1067 quoque
1728 1000 2036 1051 monasterii

423 1087 633 1136 statutis
670 1087 951 1151 propositis
988 1105 1166 1136 curam
1203 1091 1418 1151 gereret,
1451 1105 1573 1136 casu
1608 1087 1843 1151 contigit,
1874 1089 1934 1134 ut
1971 1085 2035 1134 ad

423 1172 598 1234 ipsum
639 1172 1020 1220 monasterium
1059 1174 1295 1235 tempore
1337 1171 1677 1220 mortalitatis
1726 1170 2030 1229 adueniens,

422 1258 594 1304 tactus
627 1255 631 1314 Ι
665 1255 862 1303 ibidem
891 1255 1202 1304 infirmitate
1228 1255 1455 1319 corporis
1476 1255 1657 1304 obiret.
1736 1255 1839 1316 Qui
1863 1254 2037 1317 primo

426 1339 640 1402 quidem
667 1340 792 1387 foris
827 1340 1067 1402 sepultus
1094 1341 1171 1387 est
1195 1358 1205 1400 3
1242 1343 1478 1402 tempore
1505 1342 1683 1387 autem
1709 1339 2032 1402 procedente,

424 1422 481 1470 in
527 1424 710 1471 eodem
747 1424 1066 1471 monasterio
1105 1424 1318 1471 ecclesia
1351 1425 1429 1471 est
1468 1423 1526 1470 in
1565 1423 1820 1471 honorem
1857 1422 2039 1469 beatae

427 1506 526 1554 Dei
552 1506 832 1569 genetricis
862 1508 925 1555 de
958 1507 1130 1570 lapide
1154 1508 1303 1569 facta,
1335 1510 1387 1556 et
1424 1507 1482 1555 in
1519 1507 1613 1554 illa
1650 1523 1837 1569 corpus
1872 1505 2039 1568 ipsius

425 1591 488 1639 ad
516 1591 784 1640 dexteram
810 1591 991 1640 altaris
1016 1592 1359 1640 reconditum.

498 1673 660 1722 Dedit
701 1677 879 1722 autem
923 1675 1195 1738 episcopus
1243 1675 1532 1738 regendum
1574 1676 1694 1737 post
1736 1690 1790 1721 se
1837 1689 2040 1721 monas-

428 1757 621 1805 terium
659 1757 809 1806 fratri
844 1776 938 1807 suo
975 1759 1190 1821 Ceadda,
1224 1759 1313 1822 qui
1348 1760 1527 1821 postea
1564 1757 1835 1821 episcopus
1871 1757 2040 1805 factus

430 1843 520 1902 est,
543 1843 603 1889 ut
627 1841 683 1888 in
711 1842 1050 1905 sequentibus
1072 1843 1317 1891 dicemus.
1388 1842 1511 1890 1111
1534 1842 1793 1904 siquidem
1819 1841 1887 1901 hi,
1911 1856 2041 1903 quos

430 1925 670 1985 diximus,
703 1926 939 1988 germani
969 1926 1167 1987 fratres,
1201 1927 1356 1987 Ccdd,
1389 1928 1440 1974 et
1460 1926 1738 1989 Cynibillss,
1765 1927 1817 1973 et
1842 1923 2035 1985 Caelin,

431 2010 482 2055 et
530 2009 747 2068 Ceadda,
801 2010 940 2072 quod
990 2027 1105 2058 raro
1166 2010 1450 2071 inuenitur,
1506 2026 1690 2058 omnes
1751 2008 2041 2056 sacerdotes

433 2092 650 2140 Domini
691 2093 836 2140 fuere
879 2094 1139 2155 praeclari,
1183 2096 1235 2142 et
1279 2094 1382 2142 duo
1426 2111 1491 2141 ex
1530 2093 1605 2141 eis
1645 2093 1805 2141 etiam
1844 2090 2042 2140 summi

433 2176 700 2223 sacerdotii
750 2177 910 2238 gradu
960 2177 1129 2224 functi
1178 2179 1316 2226 sunt.
1396 2178 1529 2226 Cum
1573 2193 1694 2239 ergo
1743 2176 2042 2238 episcopum

434 2259 743 2307 defunctum
801 2276 859 2307 ac
914 2261 1184 2322 sepultum
1231 2260 1289 2308 in
1344 2260 1611 2323 prouincia
1672 2259 2040 2322 Nordanhym-

431 2342 646 2391 brorum
678 2343 920 2391 audirent
955 2344 1155 2405 fratres,
1188 2344 1276 2407 qui
1309 2344 1365 2392 in
1399 2343 1715 2391 monasterio
1749 2343 1860 2390 eius
1893 2344 2044 2390 erant

434 2427 490 2474 in
533 2426 803 2489 prouincia
841 2427 1188 2475 Orientalium
1229 2428 1509 2487 Saxonum,
1549 2428 1809 2475 uenerunt
1846 2426 1939 2474 illo
1979 2426 2043 2474 de

435 2527 529 2558 suo
572 2510 890 2558 monasterio
933 2511 1175 2558 homines
1214 2510 1418 2559 circiter
1454 2510 1627 2571 XXX,
1667 2511 1937 2572 cupientes
1978 2510 2042 2558 ad

435 2610 622 2656 corpus
660 2593 738 2641 sui
776 2593 953 2655 patris,
986 2596 1076 2641 aut
1112 2593 1305 2654 uiuere,
1346 2593 1390 2642 si
1428 2594 1500 2642 sic
1533 2595 1644 2641 Deo
1680 2594 1920 2656 placeret,
1953 2594 2044 2641 aut

434 2679 720 2725 morientes
757 2676 833 2724 ibi
870 2677 1090 2740 sepeliri.
1167 2677 1268 2737 Qui
1304 2677 1530 2725 libenter
1571 2693 1601 2724 a
1642 2677 1752 2724 suis
1795 2676 2044 2725 fratribus

436 2764 485 2809 et
507 2761 939 2809 conmilitonibus
960 2760 1201 2823 suscepti,
1220 2778 1401 2809 omnes
1422 2760 1620 2808 ibidem
1641 2760 2043 2823 superueniente

435 2844 694 2907 praefatae
728 2844 1059 2906 pestilentiae
1085 2844 1230 2892 clade
1256 2844 1490 2892 defuncti
1526 2847 1663 2905 sunt,
1696 2846 1911 2906 excepto
1937 2859 2043 2891 uno

436 2927 669 2990 puerulo,
701 2945 858 2990 quem
897 2927 1221 2975 orationibus
1258 2927 1419 2989 patris
1456 2927 1538 2975 sui
1575 2944 1604 2975 a
1636 2930 1807 2975 morte
1841 2928 2044 2974 constat

437 3027 549 3059 esse
586 3013 869 3060 seruatum.
949 3011 1085 3058 Nam
1127 3027 1246 3058 cum
1285 3010 1456 3058 multo
1493 3012 1612 3072 post
1647 3010 1772 3058 haec
1808 3012 2043 3072 tempore

437 3093 655 3155 uiueret,
700 3096 751 3142 et
788 3094 1061 3157 scripturis
1098 3093 1334 3157 legendis
1372 3110 1582 3156 operam
1626 3094 1783 3154 daret,
1826 3093 2042 3141 tandem

493 3209 506 3230 ³
536 3215 662 3250 added
681 3225 730 3251 (m
751 3216 910 3261 mem-qm
932 3212 964 3251 C
984 3225 993 3261 3
1024 3224 1150 3262 cyne-
1173 3209 1243 3251 13².
1355 3209 1369 3232 ²
1399 3211 1517 3262 -gaig
1537 3209 1603 3250 B2.
1732 3214 1745 3235 3
1775 3211 1857 3250 -bil
1876 3211 1924 3251 G.
1942 3211 1996 3249 N.

2066 1264 2212 1300 f.61b.
