2240 3444
357 105 463 157 204
805 97 1074 152 Historia
1111 94 1408 149 Ecclesiast
1416 93 1501 147 icco
1748 99 1859 152 [Lm.
1884 104 1952 143 IV.

353 250 602 298 aduersus
650 263 888 310 regnum,
932 245 1079 294 cuius
1126 247 1254 293 tunc
1294 243 1405 306 ipse
1451 239 1739 289 maximam
1780 252 1959 285 curam

355 332 580 397 gerebat.
660 331 760 380 Sed
786 347 907 378 cum
932 329 1070 378 nihil
1089 329 1193 378 tale
1218 327 1372 376 illum
1389 324 1579 374 habere
1603 322 1690 370 uel
1714 320 1959 369 habuisse

355 415 608 464 ueraciter
632 413 966 477 conperisset,
997 411 1224 461 absoluit
1250 426 1386 471 eum,
1413 409 1466 457 et
1483 407 1602 470 post
1627 403 1961 453 Theodorum

354 500 429 547 ire
473 497 724 561 permisit.
805 496 905 558 Qui
954 496 1133 544 statim
1175 496 1235 542 ut
1273 493 1339 541 ad
1380 492 1535 540 illum
1576 489 1724 537 uenit
1744 486 1774 548 ¹,
1819 485 1963 534 dedit

356 583 404 630 ei
422 580 439 605 ²
464 580 843 630 monasterium
876 579 1014 628 beati
1039 578 1187 627 Petri
1211 575 1445 640 apostoli,
1475 573 1566 622 ubi
1589 569 1963 633 archiepiscopi

357 666 567 715 Cantiae
628 663 850 729 sepeliri,
911 665 971 711 ut
1029 661 1292 725 praefatus
1353 675 1486 719 sum,
1553 655 1739 705 solent.
1816 653 1965 702 Prae-

360 749 598 812 ceperat3
624 749 767 797 enim
805 747 1076 795 Theodoro
1114 743 1331 792 abeunti
1368 742 1594 791 domnus
1631 737 1958 802 apostolicus,
2022 761 2025 764 *

360 835 420 882 ut
443 833 501 880 in
527 833 717 881 diocesi
751 847 843 879 sua
866 829 1179 893 prouideret,
1210 829 1262 875 et
1299 827 1444 875 daret
1475 824 1522 873 ei
1552 824 1742 884 locum,
1772 821 1830 868 in
1863 836 1965 883 quo

361 934 481 966 cum
507 917 615 965 suis
638 917 757 978 apte
782 914 966 976 degere
991 911 1259 975 potuisset.

1067 1124 1221 1174 OAP.
1254 1123 1327 1173 ΙΙ.

369 1261 416 1297 Ut
437 1259 618 1294 Theodoro
631 1258 769 1293 cuncta
781 1255 1030 1302 peraymmc,
1050 1253 1273 1298 Anqlorum
1292 1252 1465 1288 ecclesiae
1485 1261 1574 1287 cum
1590 1251 1774 1287 catholica
1794 1250 1966 1295 ueritate,

361 1327 580 1362 litterarmn
610 1333 755 1368 quoque
784 1323 1013 1358 sanctarum
1042 1320 1228 1364 coeperint
1256 1319 1401 1354 studiis
1430 1318 1546 1353 imbui
1559 1330 1574 1363 ,·
1616 1319 1649 1354 et
1682 1319 1725 1353 ut
1758 1318 1876 1353 Putta
1899 1328 1972 1362 pro

640 1389 840 1425 Damiano
855 1383 869 1405 4
888 1386 1096 1432 Hrofensis
1115 1385 1284 1422 ecclesiae
1304 1385 1355 1420 sit
1364 1385 1502 1430 sactus
1520 1384 1693 1421 antistes.

73 1512 283 1548 Theodore
442 1490 720 1537 PERUENIT
740 1486 757 1511 5
806 1486 985 1533 autem
1035 1483 1340 1531 Theodorus
1389 1482 1452 1530 ad
1508 1481 1777 1529 ecclesiam
1825 1497 1973 1529 suam

75 1562 296 1649 ἓξὲζξζπ
365 1572 591 1622 secundo
629 1572 909 1633 postquam
948 1568 1278 1616 consecratus
1315 1568 1392 1614 est
1429 1582 1582 1627 anno,
1623 1565 1719 1613 sub
1756 1564 1839 1613 die
1874 1564 1967 1612 VI.

75 1664 192 1707 bury,
214 1663 312 1706 May
366 1655 728 1705 Kalendarum
753 1653 1031 1701 Iuniarum
1048 1652 1077 1713 ⁶,
1110 1650 1384 1706 dominica,
1412 1651 1463 1697 et
1487 1649 1609 1696 fecit
1638 1649 1695 1696 in
1728 1665 1785 1696 ea
1810 1663 1975 1697 annos

75 1715 225 1759 ²⁷'669'
367 1741 473 1789 XX
521 1741 573 1786 et
625 1754 808 1798 unum,
870 1752 1077 1784 menses
1125 1734 1231 1792 ΠΙ,
1283 1733 1391 1782 dies
1440 1732 1640 1781 XXVI.
1715 1732 1972 1794 MoxqueT

367 1824 634 1888 peragrata
658 1821 832 1869 insula
856 1822 976 1882 tota,
1010 1835 1432 1882 quaquauersum
1464 1816 1764 1880 Anglorum
1790 1818 1975 1878 gentes

368 1908 717 1967 morabantur,
748 1922 874 1954 nam
902 1906 952 1952 et
989 1903 1336 1951 libentissime
1362 1902 1426 1950 ab
1461 1901 1706 1950 omnibus
1740 1900 1978 1962 suscipie-

369 1992 533 2052 batur,
588 1993 744 2052 atque
795 1988 1114 2049 audiebatur,
1179 1988 1381 2034 rectum
1441 1984 1661 2033 uiuendi
1720 1984 1971 2043 ordinem,

371 2076 536 2123 ritum
603 2072 898 2121 celebrandi
963 2071 1184 2134 paschae
1248 2070 1571 2128 canonicum,
1637 2084 1730 2130 per
1802 2067 1979 2115 omnia

371 2158 654 2206 comitante
691 2159 743 2204 et
781 2157 1092 2217 cooperante
1135 2154 1405 2202 Hadriano
1443 2151 1829 2201 disseminabat.
1907 2150 1979 2199 Is-

81 2261 215 2305 Unity
232 2261 316 2296 and
374 2258 473 2305 que
498 2241 702 2304 primus
727 2240 836 2287 erat
859 2239 916 2286 in
940 2238 1353 2300 archiepiscopis,
1377 2237 1460 2284 cui
1480 2237 1653 2284 omnis
1678 2234 1978 2296 Anglorum

82 2322 271 2357 progress
289 2310 335 2345 of
374 2325 585 2373 ecclesia
644 2338 835 2371 manus
884 2322 1005 2370 dare
1053 2322 1385 2369 consentiret.
1488 2320 1558 2367 Et
1617 2318 1738 2381 quia
1790 2318 1979 2366 litteris

82 2363 156 2398 the
166 2361 343 2406 English

84 2412 330 2499 glggsssshhim
375 2409 533 2458 sacris
577 2406 738 2456 simul
781 2407 832 2455 et
870 2405 1231 2466 saecularibus,
1272 2406 1331 2451 ut
1368 2403 1610 2462 diximUS,
1653 2402 1981 2450 abundanter

375 2493 529 2541 ambo
549 2492 698 2539 erant
716 2490 731 2515 8
755 2490 1012 2550 instructi,
1038 2491 1346 2551 congregata
1363 2487 1741 2549 discipulorum
1759 2488 1975 2546 caterua,

376 2576 620 2624 scientiae
668 2573 908 2622 salutaris
956 2573 1142 2621 cotidie
1198 2571 1419 2619 fiumina
1461 2571 1753 2634 inrigandis
1799 2586 1981 2618 eorum

378 2659 618 2708 cordibus
644 2657 959 2706 emanabant
983 2675 994 2718 ;
1028 2657 1102 2704 ita
1126 2657 1186 2704 ut
1211 2656 1368 2704 etiam
1394 2655 1637 2703 metricae
1662 2654 1801 2713 artis,
1827 2656 1982 2702 astro·

379 2744 598 2803 nomiae,
639 2740 642 2793 Ι
676 2743 729 2789 et
787 2740 1162 2788 arithimeticae
1222 2739 1594 2787 ecclesiasticae
1654 2738 1983 2800 disciplinam

378 2827 519 2874 inter
577 2840 842 2872 sacrorum
901 2823 1109 2885 apicum
1169 2821 1442 2869 uolumina
1502 2821 1610 2867 suis
1662 2818 1985 2868 auditoribus

439 2936 450 2957 ¹
478 2935 689 2986 peruenit
710 2936 758 2974 C.
779 2934 848 2974 ΒΞ.
959 2933 974 2955 2
1003 2935 1045 2973 ei
1064 2948 1140 2973 om.
1162 2933 1221 2973 M.
1336 2932 1350 2954 ³
1380 2933 1568 2983 -ciperat
1587 2931 1664 2972 Ml.
1795 2929 1810 2952 ‘¹
1840 2943 1917 2970 -na
1939 2931 1986 2970 G.

382 3001 396 3024 ⁵
427 3006 539 3041 There
558 3006 594 3040 is
612 3015 660 3039 no
681 3005 796 3040 mark
815 3003 858 3048 of
870 3015 896 3040 α
915 3014 998 3040 new
1018 3005 1170 3048 chapter
1182 3004 1265 3038 here
1279 3003 1322 3038 in
1336 3003 1394 3038 the
1409 3004 1481 3038 text
1496 3002 1541 3046 cf
1554 2999 1589 3037 B
1607 3015 1622 3047 ,·
1644 3003 1710 3037 but
1729 3012 1754 3037 α
1774 3001 1867 3036 later
1879 3001 1987 3035 ham]

383 3073 457 3108 has
475 3073 639 3107 inserted
659 3073 717 3107 the
728 3073 857 3117 fiqure
877 3069 911 3106 ii
932 3082 982 3106 on
1002 3072 1060 3106 the
1080 3071 1254 3115 maram.
1437 3067 1451 3090 ⁶
1481 3066 1706 3104 juniarum
1730 3069 1776 3112 by
1796 3063 1849 3103 B2
1866 3077 1915 3102 οη
1934 3077 1988 3102 an

383 3149 553 3175 cras-ure.
667 3133 681 3155 ⁷
713 3139 784 3173 lee
816 3139 969 3182 chapter
1003 3138 1134 3182 beqins
1165 3137 1256 3172 urim
1289 3145 1482 3182 moxque
1513 3134 1748 3182 peragrata
1778 3131 1826 3169 in
1849 3130 1896 3170 O.
1917 3130 1987 3169 W.

386 3203 517 3251 Ol-,1.
539 3202 692 3253 ΟΗ-16.
717 3202 770 3241 D.
793 3202 857 3251 Rl.
973 3200 987 3223 ⁸
1016 3203 1147 3240 erant
1169 3214 1244 3240 om.
1263 3201 1315 3240 B.

2015 2747 2041 2781 f.
2065 2757 2103 2790 72
2123 2757 2158 2780 a.
