2240 3444
84 830 241 865 Grants
260 831 303 864 to

81 879 326 915 fraudulent

82 940 242 965 monas·

80 980 204 1015 teries

80 1033 193 1065 must
211 1030 261 1065 be

81 1080 270 1118 revoked.

373 173 482 223 414
901 169 1162 240 Epistola
1196 169 1340 222 Beda
1379 167 1457 222 ad

372 317 536 366 nichil
577 334 788 381 prorsus
826 319 1143 367 monasticae
1179 315 1589 366 conuersationis
1626 315 1905 378 habentia3
1949 332 1976 365 e

373 400 564 465 quibus
589 401 751 448 uelim
777 401 950 464 aliqua
983 402 1046 451 de
1079 400 1285 450 luxuria
1317 400 1381 448 ad
1408 399 1715 460 castitatem,
1746 399 1809 447 de
1834 398 1975 448 uani-

371 486 479 532 tate
515 485 579 532 ad
615 484 890 533 ueritatem
908 483 937 546 ¹,
969 485 1032 533 de
1064 481 1471 547 intemperantia
1503 481 1706 530 uentris
1738 484 1789 530 et
1825 482 1978 545 gulae

372 567 435 615 ad
457 566 836 615 continentiam
857 569 907 616 et
932 567 1183 630 pietatem
1204 565 1372 614 cordis
1398 565 1645 628 synodica
1669 565 1979 614 auctoritate

372 649 764 711 transferantur,
812 652 968 713 atque
1006 650 1063 697 in
1107 648 1425 698 adiutorium
1470 648 1608 696 sedis
1652 647 1973 711 episcopalis,

374 749 504 796 quae
530 750 698 796 nuper
723 733 950 782 ordinari
976 733 1172 794 debeat,
1204 734 1551 781 assumantur.

447 832 466 862 1
483 832 521 864 1.
566 816 636 864 Et
662 816 782 880 quia
801 816 1103 865 huiusmodi
1128 815 1358 864 maxima
1379 817 1430 864 et
1450 814 1679 878 plurima
1703 817 1828 864 sunt
1846 815 1972 876 loca,

372 916 516 962 quae,
553 901 611 947 ut
638 900 797 962 uulgo
825 900 926 948 dici
953 900 1099 961 solet,
1130 916 1300 962 neque
1332 899 1443 947 Deo
1468 915 1641 961 neque
1671 898 1979 947 hominibus

370 982 520 1031 utilia
561 985 698 1044 sunt,
742 983 863 1045 quia
901 983 1147 1031 uidelicet
1180 1000 1351 1046 neque
1390 982 1643 1046 regularis
1685 982 1978 1031 secundum

370 1066 543 1114 Deum
590 1065 788 1114 ibidem
831 1066 941 1115 uita
984 1068 1237 1128 seruatur,
1284 1082 1455 1128 neque
1494 1065 1587 1114 illa
1628 1065 1826 1114 milites
1865 1065 1978 1115 siue

371 1149 587 1197 comites
626 1150 941 1198 secularium
983 1152 1319 1214 potestatum,
1359 1148 1450 1212 qui
1488 1151 1703 1213 gentem
1740 1151 1978 1197 nostram

370 1249 399 1280 a
422 1233 652 1281 barbaris
679 1233 975 1296 defendant,
998 1234 1270 1297 possident
1293 1252 1304 1295 3
1342 1234 1386 1281 si
1407 1233 1523 1296 quis
1547 1233 1604 1282 in
1626 1233 1822 1282 eisdem
1848 1233 1977 1296 ipsis

371 1315 497 1363 locis
520 1333 614 1378 pro
641 1317 950 1365 necessitate
975 1319 1276 1380 temporum
1307 1317 1484 1365 sedem
1510 1317 1836 1380 episcopatus
1861 1334 1975 1365 con-

369 1399 553 1448 stituat
572 1399 601 1461 2,
650 1417 758 1448 non
807 1400 1015 1464 culpam
1058 1400 1516 1464 praeuaricationis
1557 1401 1835 1462 incurrere,
1886 1402 1974 1449 sed

370 1499 499 1545 opus
518 1483 733 1532 uirtutis
752 1485 919 1548 magis
939 1502 1088 1548 agere
1107 1484 1426 1548 probabitur.
1483 1485 1756 1546 Quomodo
1790 1483 1795 1551 1
1829 1485 1973 1533 enim

369 1565 423 1613 in
443 1569 713 1629 peccatum
732 1568 961 1631 reputari
980 1570 1163 1631 potest,
1190 1569 1234 1617 si
1254 1568 1451 1618 iniusta
1466 1569 1767 1632 principum
1785 1568 1975 1618 iudicia

368 1653 507 1699 recto
553 1651 833 1700 meliorum
874 1652 1177 1715 principum
1221 1655 1460 1701 examine
1503 1655 1866 1717 corrigantur3
1917 1669 1974 1701 ac

368 1734 593 1782 mendax
629 1735 783 1783 stilus
819 1736 1105 1784 scribarum
1144 1736 1450 1800 iniquorum
1491 1737 1711 1786 discreta
1747 1738 1974 1800 pruden-

369 1817 503 1866 tium
550 1819 875 1868 sacerdotum
914 1820 1174 1870 sententia
1218 1821 1465 1886 deleatur,
1510 1838 1568 1870 ac
1611 1821 1878 1885 redigatur
1920 1821 1977 1870 in

370 1901 641 1963 nichilum,
706 1902 852 1952 iuxta
913 1904 1212 1967 exemplum
1274 1922 1446 1953 sacrae
1516 1905 1792 1969 hystoriae,
1846 1922 1978 1968 quae

370 1986 607 2047 tempora
644 2002 827 2048 regum
864 1987 998 2035 Iuda
1035 2004 1064 2036 a
1101 1988 1274 2037 Dauid
1311 1991 1362 2037 et
1400 1989 1679 2038 Salomone
1711 2006 1877 2052 usque
1913 1990 1977 2038 ad

369 2067 623 2116 ultimum
672 2069 979 2118 Sedechiam
1040 2071 1350 2133 describens,
1406 2072 1695 2121 nonnullos
1764 2073 1979 2136 quidem

370 2150 427 2198 in
453 2151 526 2199 eis
551 2151 833 2215 religiosos,
865 2155 955 2202 sed
988 2155 1166 2217 plures
1190 2156 1434 2219 reprobos
1461 2156 1694 2205 extitisse
1720 2157 1971 2220 designat,

370 2234 676 2298 uicibusque
722 2235 1108 2287 alternantibus
1151 2257 1293 2288 nunc
1335 2240 1528 2304 impios
1565 2240 1840 2300 bonorum,
1886 2240 1978 2303 qui

369 2320 491 2366 ante
522 2335 575 2366 se
608 2319 829 2383 fuerant,
860 2321 995 2371 facta
1028 2324 1313 2386 reprobare,
1345 2342 1486 2373 nunc
1520 2341 1547 2373 e
1577 2323 1786 2373 contra3
1810 2325 1977 2373 iustos

370 2400 668 2464 impiorum,
709 2404 800 2466 qui
848 2421 902 2452 se
943 2411 1348 2470 praecesserant,
1388 2411 1533 2472 gesta
1576 2408 1774 2469 nociua,
1821 2411 1977 2471 prout

370 2484 625 2548 dignum4
662 2489 784 2545 erat,
832 2488 1050 2538 iuuante
1089 2507 1144 2539 se
1187 2492 1287 2540 Dei
1323 2492 1527 2555 spiritu,
1570 2509 1662 2555 per
1694 2492 1978 2556 prophetas

371 2570 577 2617 sanctos
613 2587 669 2618 ac
704 2573 994 2621 sacerdotes
1027 2575 1174 2623 omni
1199 2575 1452 2625 instantia
1477 2576 1793 2637 correxisse;
1829 2576 1976 2625 iuxta

370 2651 501 2699 illud
517 2651 656 2701 beati
671 2653 852 2717 Isayae
867 2657 1235 2720 praecipientis
1251 2662 1406 2723 atque
1425 2660 1645 2708 dicentis
1666 2678 1677 2709 :
1710 2659 1974 2708 ‘Dissolue

371 2734 741 2798 obligationes⁵
780 2738 1133 2790 uiolentarum
1173 2744 1661 2793 commutationum.
1751 2744 1976 2793 Dimitte

371 2818 659 2868 confractos
692 2820 748 2868 in
781 2822 1158 2886 remissionem,
1202 2828 1254 2874 et
1288 2844 1501 2875 omnem
1535 2827 1975 2890 conscriptionem

371 2900 608 2963 iniquam
658 2903 962 2967 disrumpe.’
1071 2907 1183 2968 Quo
1245 2909 1498 2972 exemplo,
1563 2911 1712 2959 tuam
1765 2928 1973 2974 quoque

372 2981 700 3030 sanctitatem
744 2983 890 3033 decet
933 3002 1053 3033 cum
1096 2987 1337 3049 religioso
1382 3005 1501 3052 rege
1549 2992 1759 3038 nostrae
1797 2990 1971 3053 gentis

371 3062 655 3125 irreligiosa
691 3067 741 3114 et
778 3067 958 3130 iniqua
993 3069 1227 3131 priorum
1264 3073 1409 3133 gesta
1441 3074 1597 3136 atque
1634 3073 1825 3136 scripta
1858 3090 1972 3122 con·

426 3199 438 3220 ¹
470 3204 819 3253 temperantiam
842 3206 899 3244 M.
1085 3206 1100 3229 ²
1128 3210 1273 3248 -tuore
1290 3209 1349 3250 H.
1571 3211 1586 3234 3
1616 3225 1639 3251 e
1661 3212 1885 3252 contrario
1907 3213 1966 3253 M.

372 3265 385 3287 ⁴
416 3266 585 3306 iustum
608 3268 664 3308 M.
871 3272 885 3294 ⁵
913 3272 1061 3324 collig-
1084 3273 1144 3313 M.

2003 1497 2031 1537 f.
2053 1511 2096 1546 93
2114 1510 2149 1536 a.

2006 1743 2058 1779 cf.
2081 1743 2160 1780 Ier.

2008 1793 2093 1831 viii.
2114 1796 2146 1831 8.

2004 2669 2056 2706 Is.
2072 2668 2175 2707 lviii.
2189 2670 2211 2706 6
