2175 3439
87 468 211 503 Hebr.
224 466 293 503 xii.
309 474 342 503 O.

85 1047 159 1081 loll
170 1075 176 1083 .
198 1048 248 1084 Vi.
273 1062 305 1090 ().

371 66 500 117 clxii
749 66 1113 121 Introduetz'o
1123 86 1158 119 η
1180 91 1189 120 :
1240 69 1553 139 Appendix
1590 69 1667 121 II
1667 111 1676 121 .

370 227 491 258 cum
515 211 644 260 fletu
679 212 918 276 legimus.
997 214 1064 261 In
1090 214 1183 262 tali
1217 214 1389 262 leticia
1415 214 1924 278 quinquagesimales
1951 216 2059 264 dies

370 310 535 356 usque
570 296 634 344 ad
673 296 813 345 diem
848 297 1141 360 praefatum
1180 298 1509 346 deduximus.
1587 299 1656 346 Et
1698 298 1788 345 ille
1824 299 2057 347 multum

371 378 583 439 gauisus
608 381 686 428 est
702 379 731 441 1,
765 382 817 428 et
842 381 953 429 Deo
988 380 1180 443 gratias
1205 381 1460 429 referebat
1477 380 1506 442 2,
1539 381 1658 443 quia
1682 381 1755 429 sic
1780 382 2059 429 meruisset

370 461 639 511 infirmari.
717 464 818 511 Et3
862 481 1014 525 saepe
1057 464 1292 512 dicebat:
1347 464 1604 528 ‘flagellat
1654 465 1797 512 Deus
1845 481 2059 513 omnem

370 544 544 593 filium
579 563 735 609 quem
769 547 987 608 recipit,’
1013 548 1065 595 et
1101 547 1454 596 sentenciam4
1479 548 1780 597 Ambrosii:
1824 548 1961 596 ‘non
1988 547 2060 596 sic

371 628 492 689 uixi,
524 631 584 677 ut
617 646 703 677 me
726 630 917 692 pudeat
945 630 1086 677 inter
1110 647 1204 677 uos
1229 629 1408 678 uiuere
1431 649 1441 691 ;
1480 632 1569 679 sed
1596 648 1690 678 nec
1717 631 1852 678 mori
1876 631 2053 692 timeo,

369 711 489 773 quia
513 712 714 760 bonum
739 712 1032 761 Dominum
1049 713 1065 737 ⁵
1090 713 1381 762 habemus.'
1442 714 1510 761 In
1536 714 1649 762 istis
1674 716 1850 762 autem
1877 713 2061 762 diebus

368 795 469 842 dua
506 796 753 857 opuscula
789 796 1072 843 memoriae
1110 796 1279 858 digna,
1312 798 1541 859 exceptis
1576 796 1901 858 lectionibus,
1934 814 2061 858 quas

368 877 613 925 cottidie6
653 878 950 940 accepimus
988 879 1052 926 ab
1096 896 1168 941 e0,
1215 881 1267 927 et
1309 882 1466 928 cantu
1510 881 1848 942 psalmorum,
1895 879 2062 927 facere

368 961 603 1022 studuit3
640 961 694 1009 id
730 964 808 1009 est
844 979 873 1009 a
907 962 1073 1024 capite
1111 963 1277 1010 sancti
1310 963 1573 1025 euangelii
1606 963 1862 1011 Iohannis
1895 979 2062 1025 usque

369 1044 431 1091 ad
458 1061 579 1092 eum
614 1045 788 1093 locum
822 1044 879 1092 in
911 1062 1013 1107 quo
1039 1045 1245 1107 dicitur,
1272 1047 1402 1094 “sed
1436 1047 1562 1094 haec
1599 1046 1725 1109 quid
1763 1047 1888 1094 sunt
1923 1045 2063 1093 inter.

369 1130 543 1175 tantos
560 1130 585 1176 ‘?
602 1129 613 1147 ⁷
650 1128 706 1175 in
723 1128 739 1153 7
763 1130 998 1176 nostram
1023 1128 1263 1192 linguam
1289 1130 1352 1177 ad
1382 1130 1671 1178 utilitatem
1697 1129 1938 1177 ecclesiae
1964 1129 2063 1177 Dei

367 1211 640 1271 conuertit,
672 1212 723 1259 et
750 1212 813 1260 de
837 1211 988 1260 libris
1006 1212 1021 1236 3
1048 1212 1239 1260 Isidori
1273 1213 1501 1276 episcopi
1526 1213 1885 1276 excerptiones
1911 1230 2062 1275 quas-

367 1295 509 1355 dam,
536 1295 714 1343 dicens
735 1314 746 1344 :
786 1295 934 1343 ‘nolo
961 1298 1020 1343 ut
1046 1296 1196 1358 pueri
1220 1297 1327 1345 mei
1352 1297 1685 1345 mendacium
1711 1297 1902 1360 legant,
1929 1299 1981 1344 et
2005 1296 2062 1344 in

367 1379 464 1426 hoc
510 1380 627 1441 post
676 1395 858 1427 meum
908 1379 1145 1427 obitum9
1195 1380 1308 1428 sine
1356 1381 1531 1429 fructu
1580 1381 1855 1429 laborent.'
1929 1380 2064 1429 Cum

367 1461 597 1510 uenisset
645 1464 823 1510 autem
872 1463 1028 1512 tertia
1077 1463 1206 1512 feria
1260 1466 1382 1513 ante
1437 1465 1796 1513 ascensionem
1845 1463 2064 1513 Domini

366 1545 533 1608 coepit
582 1546 952 1595 uehementius
997 1550 1231 1609 egrotare
1249 1547 1281 1572 ¹⁰
1319 1548 1376 1596 in
1425 1548 1678 1610 anhelitu,
1728 1549 1781 1596 et
1828 1547 2066 1596 modicus

366 1632 544 1677 tumor
575 1630 632 1677 in
658 1631 766 1678 suis
783 1628 815 1653 ¹¹
839 1631 1062 1693 pedibus
1097 1631 1351 1694 apparuit.
1430 1633 1625 1680 Totum
1650 1632 1831 1680 tamen
1849 1630 1882 1656 ¹2
1907 1631 2065 1679 illum

367 1712 506 1761 diem
533 1714 760 1772 docebat,
792 1717 842 1762 et
873 1715 1112 1764 hilariter
1137 1716 1375 1778 dictabat,
1409 1718 1460 1764 et
1494 1733 1897 1779 nonnumquam
1928 1715 2066 1764 inter

367 1796 468 1844 alia
487 1797 620 1845 dixit
641 1817 651 1846 :
693 1798 902 1847 ‘discite
924 1816 1044 1847 cum
1064 1799 1406 1848 festinatione
1431 1819 1440 1860 ;
1477 1800 1597 1862 quia
1623 1801 1794 1848 nescio
1816 1799 2064 1862 quamdiu

368 1880 665 1943 subsistam,
709 1884 760 1930 et
798 1882 843 1930 si
885 1885 1003 1945 post
1040 1883 1310 1932 modicum
1347 1883 1501 1932 tollat
1536 1900 1621 1931 me
1660 1884 1841 1932 Factor
1880 1883 2065 1931 meus.'

368 1963 534 2011 Nobis
570 1967 753 2013 tamen
771 1964 801 1989 ¹²
833 1966 1113 2014 uidebatur
1162 1984 1228 2014 ne
1277 1967 1411 2015 forte
1454 1968 1656 2015 exitum
1693 1967 1900 2015 suum13
1935 1967 2066 2014 bene

368 2047 519 2095 sciret
542 2066 553 2108 3
591 2050 642 2096 et
677 2049 749 2096 sic
785 2051 994 2097 noctem
1020 2050 1077 2097 in
1107 2051 1394 2113 gratiarum
1420 2051 1621 2099 actione
1646 2050 1869 2114 peruigil
1895 2050 2060 2098 duxit.

369 2131 439 2178 Et
472 2147 627 2179 mane
661 2131 1030 2193 inlucescente,
1072 2134 1125 2181 id
1160 2136 1237 2182 est
1271 2136 1456 2196 quarta
1489 2134 1627 2196 feria,
1660 2134 1922 2196 praecepit
1957 2133 2068 2181 dili-

369 2216 551 2276 genter
576 2215 731 2263 scribi
757 2232 887 2278 quae
914 2233 1247 2279 coeperamus
1270 2237 1281 2278 3
1320 2220 1372 2265 et
1397 2217 1495 2266 hoc
1521 2218 1742 2266 fecimus
1759 2216 1794 2241 ¹4
1814 2233 1978 2279 usque
2003 2216 2068 2264 ad

369 2297 585 2345 terciam
610 2299 808 2347 horam.
886 2301 938 2348 A
963 2300 1122 2347 tercia
1155 2303 1333 2348 autem
1369 2300 1497 2349 hora
1529 2300 1922 2349 ambulauimus
1947 2315 2066 2348 cum

367 2381 606 2444 reliquiis
650 2384 968 2444 sanctorum,
1011 2385 1070 2431 ut
1109 2384 1433 2432 consuetudo
1475 2384 1620 2432 illius
1663 2385 1766 2433 diei
1805 2383 2062 2446 poscebat.

370 2466 439 2513 Et
464 2482 602 2513 unus
623 2468 652 2490 ¹⁴³
678 2468 789 2514 erat
819 2483 881 2513 ex
906 2466 1058 2514 nobis
1093 2484 1213 2515 cum
1240 2468 1346 2528 illo,
1380 2467 1470 2531 qui
1497 2468 1629 2517 dixit
1663 2468 1775 2517 illi:
1821 2467 2017 2516 ‘adhuc
2035 2466 2069 2491 ¹⁶

370 2549 654 2611 capitulum
673 2567 841 2597 unum
863 2550 925 2597 de
951 2550 1099 2611 libro,
1127 2569 1284 2613 quein
1303 2552 1510 2601 dictasti
1528 2552 1575 2614 ¹⁷,
1603 2552 1762 2613 deest,
1789 2554 1840 2600 et
1856 2551 2066 2600 uidetur

427 2696 438 2717 1
469 2695 693 2745 gaudebat
714 2696 815 2735 edd.
970 2696 984 2716 ²
1015 2697 1194 2746 Deoque
1215 2711 1280 2747 gr.
1301 2699 1458 2748 agebat
1479 2699 1578 2738 edd.
1737 2700 1751 2719 “³
1783 2698 2003 2736 referebat
2023 2698 2067 2736 et

372 2762 475 2800 edd.
683 2761 697 2783 4
728 2765 774 2801 et
794 2763 940 2802 multa
962 2764 1053 2801 alia
1074 2764 1129 2802 de
1152 2767 1305 2803 sancta
1328 2766 1565 2815 scriptura,
1593 2765 1870 2803 sentent-iam
1892 2776 2066 2813 quoque

371 2829 517 2867 sancti
538 2828 640 2868 edd.
773 2829 787 2851 ⁵
818 2830 964 2868 Deum
987 2830 1088 2869 edd.
1217 2829 1231 2850 ὓ
1261 2831 1447 2870 cottidie
1468 2845 1541 2870 om.
1564 2832 1663 2870 edd.
1793 2825 1805 2845 ⁷
1841 2830 2063 2879 studebat,

370 2894 660 2944 euangelium
684 2896 855 2934 scilicet
877 2897 1021 2934 sancti
1044 2896 1141 2935 Ioh.
1166 2897 1214 2934 in
1236 2897 1337 2936 edd.
1554 2895 1567 2916 S
1597 2897 1727 2935 libris
1748 2898 1951 2935 rotarum
1975 2895 2067 2947 [Zeqe

372 2961 602 3012 notarum]
627 2961 728 3000 edd.
876 2961 891 2983 ⁹
922 2963 987 3000 ob.
1011 2974 1165 3000 meum
1186 2962 1289 3000 edd.
1435 2961 1464 2983 ¹⁰
1496 2963 1551 3000 -ri
1574 2963 1676 3001 edd.
1820 2961 1847 2983 ¹¹
1877 2962 1970 3000 suis
1990 2973 2062 2999 om.

372 3026 474 3065 edd.
591 3026 617 3047 ¹²
645 3029 798 3066 autem
819 3028 922 3067 edd.
1044 3026 1074 3049 ¹3
1103 3028 1195 3068 uid.
1220 3029 1339 3078 quod
1360 3041 1493 3067 suum
1514 3041 1582 3068 ex.
1606 3029 1708 3067 edd.
1836 3027 1864 3050 ¹4
1895 3027 2065 3066 factum

371 3092 475 3131 edd.
645 3092 676 3116 ¹⁵
704 3106 825 3132 unus
844 3108 952 3133 uero
973 3094 1076 3133 edd.
1253 3093 1282 3115 ¹⁶
1311 3096 1526 3146 magister
1548 3095 1842 3134 dilectissime
1863 3097 1944 3133 add
1964 3092 2066 3132 edd.

373 3156 400 3178 ¹7
434 3159 487 3197 de
510 3159 625 3197 libro
647 3189 657 3198 .
685 3190 694 3199 .
717 3190 726 3199 .
753 3160 934 3199 dictasti
959 3174 1034 3200 om.
1057 3160 1158 3201 edd.
