2240 3444
28 468 52 502 f.
74 480 113 510 32
131 479 165 502 a.

275 160 370 198 CAP.
392 161 445 198 VI
455 155 506 207 1.]
780 146 970 200 Gentis
1009 146 1057 197 A
1073 165 1101 197 η
1110 147 1351 215 ylorum.
1792 150 1860 200 93

263 292 503 340 tionibus
551 292 812 340 animatus
860 292 1088 340 famulus
1139 292 1331 340 Christi
1382 293 1692 341 Laurentius
1741 312 1861 342 mox

273 391 425 422 mane
463 375 597 422 facto
637 375 783 422 uenit
824 376 887 423 ad
933 392 1120 437 regem,
1160 377 1223 434 et,
1268 375 1491 422 retecto¹
1531 376 1856 435 uestimento,

273 457 482 519 quantis
507 459 664 505 'esset
713 457 1013 505 uerberibus
1051 457 1316 517 laceratus,
1371 457 1610 505 ostendit.
1719 456 1723 522 Ι
1765 459 1863 518 Qui

271 539 501 587 multum
543 540 762 587 miratus
801 542 853 587 et
895 539 1177 601 inquirens,
1233 540 1349 601 quis
1391 542 1537 588 tanto
1580 540 1692 587 uiro
1734 541 1863 588 tales

272 638 428 669 ausus
476 625 610 670 esset
658 622 835 684 plagas
883 622 1148 685 infligere3
1208 624 1267 669 ut
1315 622 1530 682 audiuit,
1579 622 1699 684 quia
1745 639 1864 670 suae

272 720 422 751 causa
452 704 635 752 salutis
664 704 933 766 episcopus
967 705 1031 752 ab
1069 704 1301 766 apostolo
1336 704 1531 752 Christi
1562 707 1707 752 tanta
1732 707 1865 752 esset

270 788 532 834 tormenta
557 787 834 849 plagasque
852 803 1138 849 perpessus,
1162 787 1405 834 extimuit
1424 787 1681 847 multum3
1710 790 1864 850 atque

269 868 704 917 anathematizato
731 870 877 916 omni
904 869 1170 917 idolatriae
1197 869 1354 930 cultu,
1387 869 1620 917 abdicato
1647 870 1865 917 conubio

269 968 375 999 non
395 951 643 1013 legitimo,
666 952 889 1013 suscepit
909 952 1067 999 fidem
1089 951 1297 1012 Christi,
1324 954 1375 999 et
1399 952 1689 1014 baptizatus
1718 952 1867 1000 eccle·

269 1033 372 1081 siae
415 1033 581 1094 rebus,
623 1036 878 1096 quantum
915 1034 1097 1095 ualuit,
1137 1034 1193 1081 in
1228 1034 1473 1082 omnibus
1505 1035 1773 1082 consulere
1808 1051 1865 1083 ac

269 1116 445 1164 fauere
471 1117 686 1165 curauit.
709 1172 715 1177 ,

336 1198 480 1247 Misit
499 1198 657 1246 etiam
675 1199 911 1258 Galliam,
935 1202 986 1247 et
1005 1199 1266 1247 reuocauit
1283 1199 1546 1248 Mellitum
1564 1217 1619 1248 ac
1636 1201 1859 1262 Iustum,

268 1297 458 1344 eosque
504 1282 569 1329 ad
619 1298 736 1329 suas
784 1282 1022 1329 ecclesias
1081 1282 1243 1330 libere
1294 1282 1642 1331 instituendas
1700 1283 1866 1331 redire

267 1363 587 1426 praecepit23
626 1364 716 1426 qui
740 1367 856 1427 post
881 1381 1094 1425 annum,
1127 1382 1189 1413 ex
1221 1382 1321 1427 quo
1354 1365 1594 1413 abierunt
1611 1367 1640 1427 3,
1671 1366 1867 1414 reuersi

268 1449 391 1495 sunt
414 1465 424 1506 3
486 1449 536 1494 et
562 1447 741 1495 Iustus
778 1448 989 1510 quidem
1015 1448 1078 1496 ad
1113 1448 1376 1496 ciuitatem
1398 1448 1552 1496 Hrofi
1569 1450 1597 1508 ⁴,
1624 1449 1707 1497 cui
1730 1466 1867 1511 prae-

267 1529 450 1590 fuerat,
482 1530 635 1577 rediit
658 1549 668 1590 3
706 1530 969 1578 Mellitum
994 1548 1117 1578 uero
1144 1531 1540 1580 Lundonienses
1566 1531 1866 1594 episcopum

269 1611 493 1674 recipere
517 1613 815 1674 noluerunt,
840 1613 1101 1662 idolatris5
1126 1614 1293 1677 magis
1312 1614 1649 1676 pontificibus
1674 1615 1867 1662 seruire

268 1695 566 1757 gaudentes.
620 1695 739 1743 Non
770 1696 911 1743 enim
937 1698 1083 1744 tanta
1108 1698 1214 1744 erat
1241 1696 1299 1757 ei,
1327 1699 1519 1759 quanta
1542 1697 1677 1758 patri
1702 1697 1866 1759 ipsius

267 1777 413 1840 regni
459 1780 700 1839 potestas,
754 1781 813 1826 ut
863 1778 1020 1827 etiam
1069 1779 1370 1827 nolentibus
1416 1796 1472 1827 ac
1522 1780 1867 1827 contradicen-

266 1859 408 1907 tibus
434 1861 647 1923 paganis
680 1861 974 1909 antistitem
1005 1878 1126 1910 suae
1159 1864 1331 1924 posset
1357 1862 1600 1910 ecclesiae
1634 1862 1860 1911 reddere.

266 1942 647 1991 Uerumtamen
674 1943 785 2006 ipse
811 1961 931 1992 cum
957 1961 1049 1992 sua
1073 1946 1240 2007 gente,
1268 1961 1332 1992 ex
1357 1962 1458 2007 quo
1484 1946 1547 1993 ad
1576 1945 1865 1993 Dominum

267 2041 548 2073 conuersus
572 2028 662 2087 est,
695 2027 889 2075 diuinis
915 2044 969 2075 se
995 2027 1196 2076 studuit
1231 2027 1525 2090 mancipare
1558 2028 1857 2090 praeceptis.

265 2108 503 2170 Denique
562 2111 614 2156 et
672 2111 728 2157 in
790 2110 1105 2158 monasterio
1164 2111 1453 2159 beatissimi
1508 2111 1864 2173 apostolorum

263 2190 513 2253 principis
550 2191 819 2240 ecclesiam
856 2195 1062 2240 sanctae
1097 2193 1195 2241 Dei
1230 2193 1505 2256 genetricis
1541 2193 1676 2254 fecit,
1709 2209 1863 2256 quam

264 2273 582 2322 consecrauit
607 2275 1022 2338 archiepiscopus
1046 2276 1293 2325 Mellitus.

904 2466 1055 2515 CAP.
1097 2465 1221 2515 VII.

270 2592 315 2627 Ut
334 2592 503 2629 Mellz’tus
530 2594 724 2638 episcopus
735 2595 929 2637 flammas
957 2595 1132 2630 ardentis
1151 2605 1244 2630 suae
1271 2595 1446 2631 ciuitatis
1465 2596 1609 2630 orando
1628 2595 1859 2630 restinxerit.

333 2687 451 2736 Hoc
477 2689 619 2737 enim
652 2692 901 2752 regnante
937 2706 1056 2753 rege
1079 2690 1261 2738 beatus
1295 2690 1708 2753 archiepiscopus
1734 2691 1860 2738 Lau-

264 2770 463 2818 rentius
488 2788 707 2834 regnum
733 2772 946 2820 caeleste
971 2773 1283 2834 conscendit,
1315 2775 1469 2835 atque
1493 2773 1548 2820 in
1575 2772 1782 2820 ecclesia
1808 2775 1859 2820 et

265 2854 577 2901 monasterio
614 2855 776 2903 sancti
814 2856 1031 2917 apostoli
1057 2856 1202 2903 Petri
1238 2855 1384 2903 iuxta
1412 2855 1858 2917 prodecessoremG

264 2952 419 2983 suum
455 2937 812 2999 Augustinum
855 2939 1087 3000 sepultus
1126 2941 1204 2986 est
1248 2939 1329 2987 die
1365 2940 1548 3000 quarto
1588 2938 1858 2986 Nonarum

264 3018 656 3067 Februariarum
679 3038 690 3080 3
727 3023 842 3082 post
863 3038 1018 3082 quem
1038 3020 1284 3081 Mellitus,
1313 3021 1402 3083 qui
1427 3022 1535 3068 erat
1555 3020 1859 3068 Lundoniae

319 3139 332 3160 1
362 3144 480 3181 recto
497 3142 572 3182 Ml.
658 3142 673 3163 ²
702 3145 923 3194 praecipit
944 3143 1017 3184 Ml.
1039 3144 1084 3183 C.
1209 3145 1223 3167 ³
1253 3145 1458 3182 abierant
1481 3144 1530 3182 B.
1633 3143 1647 3166 ⁴
1677 3144 1790 3183 rhofi
1808 3144 1855 3183 C.

264 3208 281 3233 5
312 3208 409 3246 -riis
426 3208 482 3246 M.
651 3207 666 3229 ⁶
695 3209 757 3247 sic
772 3209 828 3248 M.
847 3210 892 3248 C.
912 3209 990 3259 B13
1023 3222 1117 3260 pre·
1135 3209 1201 3248 B‘2.

1895 713 2143 748 Conversion

1894 763 1940 797 of
1951 764 2148 798 Eadbald.

1897 1221 2056 1256 Return
2076 1223 2120 1253 of

1897 1271 2083 1305 Mellitus

1896 1321 1980 1356 and
1994 1321 2149 1356 Justus,

1890 2703 2025 2738 Death
2047 2705 2092 2736 of

1891 2753 2070 2788 Lauren-

1889 2803 1984 2848 tius,
2006 2804 2095 2839 Feb.
2116 2817 2146 2848 2,

1889 2854 1966 2893 610.
