2240 3444
36 1589 87 1625 ib.
109 1602 142 1625 e.
164 1602 216 1634 43.

34 1770 60 1804 f.
82 1772 178 1815 982..

287 141 385 180 cn.
405 141 585 180 xxv111
609 139 803 193 [xxx].]
880 135 1069 187 Gentis
1109 139 1153 189 A
1172 140 1443 208 malorum.
1750 150 1851 199 277

274 271 643 331 praedeeessor¹
676 277 779 324 cius
816 277 1046 326 Cudberct
1061 277 1091 338 ²,
1111 283 1399 341 priusquam
1443 285 1661 334 insulam
1698 291 1857 336 Farne

274 356 468 414 peteret,
501 356 791 416 aliquandiu
816 364 1019 407 secretus
1043 363 1252 410 Domino
1277 366 1528 413 militabat.

351 434 656 484 Adtulerunt
697 443 860 486 autem
897 441 943 487 ei
986 446 1030 488 et
1059 447 1251 502 partem
1296 446 1690 500 indumenlm-um,
1739 468 1858 509 quan

283 531 453 577 corpus
507 523 730 566 sanctum
777 523 1057 582 ambierant,
1109 540 1228 583 chac
1279 542 1386 572 cum
1438 529 1515 575 illc
1567 534 1609 576 ct
1666 548 1855 579 mamm

280 602 537 660 yratanter
570 602 808 661 acciperet.
851 607 896 651 et
930 606 1165 653 miracula
1203 608 1399 654 libenter
1433 611 1630 667 mutiret,
1672 628 1784 658 nam
1818 619 1857 658 ct

282 682 388 740 ipsa
429 684 714 732 ‘indumenta
761 687 903 746 quasi
936 689 1097 746 patris
1145 688 1302 735 adhue
1343 693 1524 749 corpori
1572 694 1856 742 circumdata

281 765 404 812 miro
443 765 806 814 deosculabatur
851 768 1040 826 affectu,
1089 770 1295 829 ‘Noua,’
1337 773 1501 831 inquit,
1551 774 1858 822 ιἱηιῖιωηιήία

283 848 466 907 corpori
479 863 574 907 pro
599 849 686 907 liis,
717 864 839 909 quae
865 852 1055 910 tulistis,
1088 852 1390 910 circumdate,
1422 858 1464 900 ct
1488 856 1554 902 sic
1578 870 1718 915 repon
1729 859 1784 903 e‘te
1811 859 1859 904 in

282 944 411 988 area,
437 945 584 989 quam
598 932 830 989 parastis.
906 932 1011 980 Scio
1037 936 1197 980 autem
1221 935 1487 994 certissime,
1519 938 1632 995 Quia
1657 952 1752 983 non
1778 939 1859 984 (liu

281 1026 472 1060 uacuus
508 1014 768 1060 remanebit
805 1015 932 1063 locus
967 1013 1070 1074 ille,
1101 1016 1183 1074 qui
1222 1019 1360 1063 tanta
1395 1018 1618 1065 miraculi
1654 1020 1861 1067 caelestis

284 1093 448 1157 gratia
471 1099 691 1144 sacratus
721 1100 827 1154 est;
866 1100 909 1144 et
943 1113 1098 1158 quam
1134 1099 1297 1146 beatus
1331 1103 1409 1158 cst,
1441 1101 1518 1146 cui
1552 1101 1604 1146 in
1634 1115 1682 1148 eo
1711 1100 1857 1147 facul-

284 1178 446 1224 tatem
495 1177 767 1237 quiesce-ndi
814 1179 1058 1227 Dominus
1105 1178 1266 1227 totius
1314 1181 1654 1229 beatitudinis-³
1702 1186 1863 1229 auctor

283 1263 423 1319 atque
459 1260 657 1320 laryitor
683 1261 940 1320 praestare
974 1261 1285 1321 devitabitur?
1354 1263 1490 1311 Haec
1518 1267 1561 1311 et
1590 1264 1862 1311 huiusmodi

274 1342 427 1404 plura
466 1343 551 1390 ubi
586 1343 753 1391 multis
800 1358 909 1390 cum
957 1344 1167 1392 lacrimis
1207 1349 1251 1392 et
1297 1360 1475 1405 maana
1523 1348 1861 1405 conpunctione

283 1424 504 1473 antistes
530 1426 701 1486 linqua
726 1425 884 1473 etiam
911 1429 1134 1474 tremente
1155 1428 1402 1486 conpleuit,
1425 1428 1644 1487 fecerunt
1657 1428 1853 1487 fratres.

281 1512 338 1555 ut
356 1510 588 1566 iusserat‚·
626 1511 670 1556 et
688 1509 969 1556 inuolutum
992 1524 1117 1556 nouo
1144 1511 1324 1557 amictu
1349 1524 1529 1570 corpus,
1561 1525 1783 1569 nouaque
1811 1512 1860 1558 in

281 1591 416 1639 theca
432 1592 741 1652 reconditum,
771 1607 922 1651 supra
936 1594 1277 1652 pauimentum
1299 1593 1563 1640 sanctuarii
1583 1596 1857 1651 posuerunt.

350 1673 456 1721 Nec
488 1690 647 1734 mora,
675 1675 779 1722 Deo
821 1674 1018 1722 dilectus
1049 1676 1248 1722 antistes
1282 1675 1552 1722 Eadberct4
1586 1675 1744 1721 morbo
1772 1689 1861 1721 eor·

279 1758 450 1816 reptus
492 1759 569 1804 est
617 1758 781 1805 acerbo
801 1757 829 1817 ⁵,
870 1753 964 1820 lac
1006 1771 1096 1818 per
1141 1757 1241 1804 dies
1288 1760 1524 1815 crescente,
1571 1757 1861 1815 multumque

282 1841 642 1900 ‘inyrauescente
689 1840 860 1888 ardore
909 1840 1132 1900 lanyoris,
1184 1854 1283 1887 non
1329 1840 1480 1886 multo
1525 1842 1643 1898 post,
1698 1839 1749 1884 id
1796 1842 1861 1886 est

272 1922 435 1982 pridie
466 1923 642 1970 Nonas
663 1923 846 1983 Maias,
882 1923 1025 1969 etiam
1058 1923 1158 1982 ipse
1192 1922 1424 1982 miyrauit
1459 1921 1525 1968 ad
1559 1921 1821 1967 Dominum.
1845 1937 1858 1967 .·

280 2005 420 2052 cuius
465 2019 638 2065 corpus
683 2005 738 2052 iu
782 2004 1028 2065 sepulchro
1075 2003 1332 2050 benedicti
1369 2004 1532 2064 patris
1586 2003 1860 2051 Cudbcrcti⁴

272 2090 520 2147 ponentes,
563 2087 896 2146 adposuerunt
931 2087 1131 2146 desuper
1164 2101 1339 2145 arcam,
1369 2086 1423 2132 in
1458 2100 1551 2145 qua
1588 2086 1859 2142 ‘incorrupta

281 2170 491 2218 eiusdem
516 2170 680 2229 patris
713 2170 928 2218 membra
964 2170 1249 2217 locauerant.
1325 2167 1390 2214 In
1427 2183 1527 2228 quo
1564 2165 1718 2213 etiam
1754 2165 1861 2211 loco

281 2253 425 2313 siyna
450 2251 734 2299 sanitatum
758 2250 1033 2313 aliquoties
1057 2250 1188 2298 faeta
1213 2249 1411 2297 meritis
1428 2248 1699 2296 amborum
1723 2246 1857 2294 testi-

282 2334 520 2382 monium
551 2334 739 2394 ferunt,
780 2335 841 2381 e6
875 2333 1063 2396 quibus
1097 2332 1270 2394 aliqua
1302 2331 1358 2378 in
1392 2330 1522 2378 libro
1557 2330 1691 2377 uitae
1721 2328 1861 2375 illius

281 2417 410 2465 olim
445 2416 726 2464 memoriae
762 2415 1140 2463 mandauimUS.
1219 2414 1317 2462 Sed
1354 2415 1405 2460 et
1440 2413 1494 2460 in
1524 2412 1617 2459 hac
1650 2409 1858 2458 historia

283 2499 548 2563 quaedam,
603 2499 765 2561 quae⁷
811 2514 906 2547 nos
952 2514 1118 2558 nuper
1163 2496 1365 2544 audisse
1413 2494 1639 2555 contigit,
1692 2508 1856 2552 super·

281 2580 480 2628 adicere
498 2584 511 2602 ὅ
537 2578 871 2626 commodum
890 2577 906 2603 ⁹
932 2577 1186 2624 duximus.

339 2701 349 2723 ¹
381 2714 477 2751 pro·
498 2701 542 2740 C.
674 2699 689 2721 ²
719 2701 868 2739 -berht
890 2700 934 2739 C.
1056 2700 1070 2721 3
1100 2695 1395 2736 beatitudinis
1415 2697 1537 2732 added
1555 2706 1602 2730 on
1622 2695 1775 2738 marqin
1800 2691 1853 2728 M.

284 2767 298 2790 ⁴
327 2767 520 2806 -bercht-
543 2766 587 2805 C.
729 2765 744 2788 ⁵
775 2777 933 2804 aceruo
954 2765 1009 2805 M.
1034 2764 1084 2802 N.
1111 2762 1174 2802 B¹.
1306 2758 1320 2780 ⁶
1349 2762 1394 2797 in
1418 2759 1488 2797 M1.
1673 2755 1685 2776 ⁷
1716 2767 1854 2793 unum

286 2832 405 2882 quod
426 2832 471 2870 (2.
496 2830 561 2870 B2.
586 2831 651 2879 0,.
674 2830 792 2878 03-4.
813 2830 887 2882 A2.
906 2830 978 2870 διο.
1202 2826 1215 2847 ⁸
1245 2826 1399 2864 -iecere
1422 2824 1476 2862 M.
1699 2821 1712 2842 ⁹
1743 2831 1854 2858 com-

285 2896 627 2936 memorandum
650 2896 706 2935 M.
731 2896 774 2935 H
780 2923 803 2944 1.

1892 1685 2020 1719 Dststfh
2041 1687 2084 1717 ot'

1891 1735 2078 1769 Eadbert.

1892 1784 1984 1827 May
2002 1795 2030 1826 5,
2051 1790 2126 1822 ὑφ’.
