2240 3444
399 126 503 176 112
855 122 1123 177 Historia
1161 122 1551 176 Ecclesiastica
1809 132 1917 186 [Lm.
1942 138 1996 177 ΙΙ.

396 271 784 320 examinatione
844 271 1178 335 perspexeriS,
1244 270 1438 334 absque
1498 269 1607 318 ullo
1671 272 1999 320 cunctamine

397 355 658 417 suscipere
684 355 776 403 illa
800 354 1148 403 festinemus.'

467 438 628 487 Cuius
667 438 896 486 suasioni
935 437 1215 500 uerbisque
1240 436 1591 499 prudentibus
1624 436 1758 485 alius
1785 439 1999 500 optirna-

459 538 513 568 m
575 522 712 584 regis
776 521 1014 570 tribuens
1073 537 1358 582 assensum,
1419 519 1670 568 continuo
1731 521 1998 571 subdidit:

293 523 603 706 &alisss
646 605 904 668 inquiens,
958 604 1120 652 ‘mihi
1157 604 1380 665 uidetur,
1425 621 1528 665 rex,
1572 604 1683 652 uita
1718 604 1999 655 hominum

396 705 642 750 praesens
667 689 723 736 in
758 688 926 749 terris,
959 688 1023 735 ad
1054 687 1480 749 conparationem
1519 687 1642 748 eius,
1676 689 1814 750 quod
1849 688 2000 737 nobis

397 772 660 820 incertum
703 773 795 832 est,
845 771 1113 833 temporiS,
1169 769 1321 833 quale
1369 787 1488 818 cum
1531 772 1583 818 te
1630 771 1889 820 residente
1935 772 2000 821 ad

398 871 612 902 caenam
638 871 757 902 cum
784 853 1003 902 ducibus
1022 870 1078 901 ac
1096 853 1357 901 ministris
1376 853 1482 902 tuis
1502 856 1737 916 tempore
1755 853 1996 915 brumali,

396 955 609 986 accenso
644 938 859 1001 quidem
884 937 998 985 foco
1024 936 1081 984 in
1106 937 1293 998 medio,
1325 939 1376 985 et
1416 936 1580 985 calido
1614 937 1795 986 effecto
1829 954 2002 986 caena-

397 1021 525 1082 culo,
577 1021 876 1069 furentibus
923 1022 1102 1068 autem
1150 1019 1277 1068 foris
1323 1037 1417 1082 per
1473 1020 1650 1069 omnia
1704 1020 2004 1070 turbinibus

398 1105 706 1153 hiemalium
766 1104 1070 1167 pluuiarum
1118 1103 1205 1152 uel
1254 1104 1477 1165 niuium,
1533 1104 1817 1153 adueniens
1865 1121 2004 1153 unus

396 1205 665 1250 passerum
692 1189 910 1236 domum
943 1187 1195 1235 citissime
1229 1187 1580 1249 peruolauerit
1603 1206 1613 1249 3
1653 1187 1742 1250 qui
1768 1204 1887 1236 cum
1912 1204 2005 1250 per

397 1289 563 1320 unum
591 1272 787 1320 ostium
813 1271 1127 1334 ingrediens,
1159 1288 1282 1319 mox
1306 1288 1400 1333 per
1434 1271 1575 1319 aliud
1607 1271 1800 1320 exierit.
1878 1271 2003 1334 Ipso

397 1355 610 1417 quidem
635 1357 882 1417 tempore,
915 1371 1016 1417 quo
1043 1355 1189 1402 intus
1221 1355 1313 1415 est,
1345 1354 1536 1401 hiemis
1561 1356 1871 1416 tempestat-e
1896 1371 2004 1403 non

397 1438 646 1502 tangitur,
691 1439 780 1486 sed
819 1441 1001 1487 tamen
1044 1437 1357 1500 paruissimo
1398 1437 1565 1500 spatio
1606 1437 1897 1485 serenitatis
1940 1439 2004 1486 ad

398 1524 730 1570 momentum
781 1538 1007 1581 excurso,
1053 1538 1176 1569 mox
1216 1521 1279 1569 de
1327 1520 1500 1569 hieme
1549 1520 1605 1568 in
1654 1520 1885 1570 hiemem
1933 1538 2005 1569 re-

398 1605 654 1668 gredienS,
687 1605 793 1653 tuis
820 1604 985 1653 oculis
1011 1604 1250 1653 elabitur.
1329 1604 1414 1652 Ita
1439 1604 1566 1652 haec
1591 1604 1701 1652 uita
1725 1604 2005 1652 hominum

398 1690 461 1738 ad
499 1689 765 1737 modicum
807 1691 1050 1751 apparet3
1089 1687 1214 1751 quid
1258 1685 1468 1736 autem1
1505 1690 1766 1750 sequatur,
1811 1688 2004 1750 quidue

398 1772 744 1835 praecesserit,
787 1789 999 1834 prorsus
1041 1772 1359 1834 ignoramus.
1438 1770 1594 1819 Unde
1631 1770 1675 1818 si
1710 1771 1835 1818 haec
1868 1787 2005 1819 noua

399 1855 636 1904 doctrina
672 1856 861 1903 certius
884 1855 1094 1923 ,aliquid
1132 1855 1326 1916 attulit,
1367 1855 1557 1903 merito
1595 1871 1705 1902 esse
1745 1855 2006 1917 sequenda

399 1939 642 1988 uidetur.'
715 1939 817 1987 His
843 1939 1038 1987 similia
1076 1941 1128 1987 et
1164 1938 1322 1986 ceteri
1358 1938 1581 1986 maiores
1614 1940 1741 1986 natu
1776 1955 1833 1986 ac
1867 1937 2005 2001 regis

399 2022 682 2070 consiliarii
708 2022 965 2071 diuinitus
990 2022 1246 2071 admoniti
1274 2022 1737 2084 prosequebantur.

466 2105 677 2153 Adiecit
725 2108 901 2154 autem
950 2105 1093 2167 coifi,
1139 2105 1260 2168 quia
1302 2104 1463 2153 uellet
1499 2104 1675 2167 ipsum
1717 2104 2003 2152 Paulinum

399 2188 705 2251 diligentius
741 2189 920 2237 audire
957 2190 1020 2237 de
1051 2190 1173 2250 Deo,
1214 2206 1372 2252 quem
1405 2188 1743 2251 praedicabat,
1782 2188 2005 2236 uerbum

399 2272 690 2321 facientem.
759 2272 906 2333 Quod
933 2289 1054 2320 cum
1078 2272 1292 2320 iubente
1317 2288 1435 2334 rege
1461 2271 1664 2329 faceret,
1697 2271 2006 2320 exclamauit

400 2356 592 2404 auditis
629 2358 739 2404 eius
775 2356 1104 2404 sermonibus
1141 2356 1351 2404 dicens:
1396 2355 1539 2403 ‘Iam
1577 2355 1705 2403 olim
1742 2355 2007 2403 intellexe-

400 2456 511 2487 ram
552 2438 556 2493 l
597 2439 734 2487 nihil
783 2456 908 2500 esse,
964 2439 1103 2502 quod
1151 2438 1482 2498 colebamus3
1537 2438 1657 2500 quia
1704 2437 1950 2487 uidelicet
1969 2437 1999 2501 ²,
2035 2448 2060 2484 f.
2083 2462 2127 2495 39
2146 2460 2180 2485 a.

401 2524 597 2585 quanto
630 2522 915 2571 studiosius
931 2523 945 2545 ³³
983 2521 1040 2569 in
1078 2538 1135 2569 eo
1176 2521 1321 2568 cultu
1364 2521 1638 2568 ueritatem
1677 2520 1998 2583 quaerebam,

400 2607 549 2654 tanto
597 2605 775 2653 minus
822 2605 1168 2653 inueniebam.
1246 2603 1398 2651 Nunc
1441 2606 1616 2651 autem
1665 2606 1841 2665 aperte
1888 2620 2004 2666 pro-

402 2689 564 2750 fiteor,
613 2689 732 2751 quia
775 2688 832 2737 in
881 2689 977 2736 hac
1025 2686 1403 2750 praedicatione
1444 2687 1638 2735 ueritas
1687 2688 1846 2735 claret
1892 2687 1998 2748 illa,

402 2789 534 2835 quae
560 2772 712 2820 nobis
737 2772 892 2829 uitae,
919 2771 1114 2831 salutis,
1147 2773 1199 2819 et
1222 2770 1567 2818 beatitudinis
1601 2772 1837 2818 aeternae
1871 2770 2004 2818 dona

402 2855 576 2903 ualet⁴
625 2855 864 2903 tribuere.
955 2855 1110 2903 Unde
1160 2870 1390 2916 suggero,
1446 2870 1547 2915 rex,
1603 2856 1661 2901 ut
1705 2854 1904 2917 templa
1952 2855 2002 2901 et

403 2939 597 3000 altaria,
646 2955 777 3000 quae
827 2938 941 2986 sine
983 2938 1157 2985 fructu
1199 2936 1447 2984 utilitatis
1489 2937 1818 2996 sacrauimus,
1862 2935 2003 2984 ocius

403 3021 725 3070 anathemati
759 3024 811 3069 et
844 3021 955 3084 igni
986 3019 1386 3069 contradamus.'
1461 3019 1596 3081 Quid
1623 3020 1815 3082 plura?
1857 3035 2001 3081 prae-

458 3159 470 3181 ¹
502 3163 667 3210 tamen,
694 3164 832 3199 altered
852 3165 884 3199 to
905 3162 1056 3200 autem
1079 3160 1135 3200 M.
1290 3157 1305 3179 2
1334 3158 1538 3198 uidilicet
1561 3157 1635 3199 M1.
1769 3157 1784 3183 3
1816 3160 1922 3197 -sior
1943 3158 2001 3198 M.

406 3226 479 3275 HI.
611 3225 625 3247 '²
655 3227 804 3265 ualeat
825 3226 870 3266 O.
