2240 3444
359 108 468 158 222
819 106 1086 160 Historia
1126 106 1516 160 Ecclesiae-tica
1767 115 1873 167 [Lm.
1896 117 1968 157 IV.

357 254 618 318 Torctgyd
637 253 665 316 ¹,
689 272 819 318 quae
845 255 1031 304 multis
1058 257 1163 304 iam
1187 256 1341 304 annis
1365 256 1421 303 in
1443 255 1625 303 eodem
1651 253 1971 302 monasterio

360 340 692 400 commorata,
748 341 800 387 et
849 339 961 402 ipsa
1011 356 1215 402 semper
1262 340 1318 386 in
1369 339 1517 387 omni
1564 338 1867 386 humilitate
1914 355 1972 386 ac
2003 350 2053 386 ef.
2076 351 2168 387 Act.

361 421 661 470 sinceritate
681 423 790 470 Deo
816 423 1012 471 seruire
1038 423 1309 486 satagebat,
1333 426 1385 471 et
1411 423 1639 471 adiutrix
1666 422 1972 484 disciplinae
2002 412 2070 439 xx.
2097 414 2148 448 ¹9·

360 507 611 569 regularis
650 506 820 554 eidem
864 507 1023 555 mat-ri
1066 508 1301 567 existere,
1342 507 1576 554 minores
1613 506 1845 554 docendo
1884 505 1971 553 uel

362 590 664 652 castigando
691 591 915 638 curabat.
993 590 1154 638 Cuius
1179 592 1237 638 ut
1263 590 1446 650 uirtus,
1478 591 1624 637 iuxta
1653 589 1964 651 apostolum,

360 674 418 720 in
442 673 753 721 infirmitate
782 673 1132 735 perficeretur,
1154 675 1290 721 tacta
1315 675 1394 721 est
1420 675 1634 735 repente
1661 673 1971 734 grauissimo
2003 696 2021 718 2
2041 684 2130 720 Cor.
2147 684 2218 721 xii.

348 757 594 821 ‚corporis
635 757 832 818 morbo,
872 758 924 804 et
964 774 1055 819 per
1097 773 1263 804 annos
1300 757 1474 805 VIIII
1515 757 1601 818 pia
1639 755 1972 804 Redemtoris
2002 747 2036 782 9·

363 840 527 888 nostri
568 840 867 902 prouisione
903 841 1135 888 multum
1172 840 1421 903 fatigata,
1460 839 1706 888 uidelicet
1730 842 1803 901 ut,
1835 839 1970 901 quic-

364 925 488 987 quid
530 925 587 972 in
626 941 685 971 ea
735 924 854 971 uitii
892 924 1209 972 sordidantis
1247 926 1388 972 inter
1436 923 1661 972 uirtutes
1703 940 1796 986 per
1832 923 1975 986 igno-

362 1008 589 1056 rantiam
632 1008 717 1055 uel
758 1007 1017 1055 incuriam
1055 1008 1344 1068 resedisset,
1388 1010 1563 1055 totum
1599 1007 1696 1055 1100
1734 1008 1974 1055 caminus

364 1092 598 1140 diutinae
624 1091 978 1139 tribulationis
1004 1094 1323 1154 excoqueret.
1402 1091 1548 1139 Haec
1573 1089 1722 1153 ergo2
1749 1091 1974 1153 quadam

364 1178 515 1224 nocte
552 1175 836 1238 incipiente
869 1175 1185 1237 crepusculo,
1218 1191 1422 1237 egressa
1454 1175 1517 1222 de
1557 1174 1793 1222 cubiculo
1810 1174 1839 1236 3,
1872 1191 1974 1237 quo

364 1259 623 1319 manebat,
657 1259 791 1307 uidit
827 1259 1106 1306 manifeste
1144 1259 1293 1320 quasi
1331 1275 1517 1321 corpus
1554 1258 1801 1319 hominis,
1833 1259 1974 1321 quod

365 1346 500 1391 esset
528 1343 636 1390 sole
663 1343 862 1403 clarius,
896 1342 1115 1390 sindone
1141 1342 1445 1390 inuolutum
1479 1343 1535 1389 in
1572 1342 1798 1390 sublime
1832 1342 1968 1403 ferri,

364 1426 562 1474 elatum
611 1426 858 1474 uidelicet
906 1427 970 1475 de
1020 1427 1189 1487 domo,
1244 1427 1301 1474 in
1352 1443 1454 1488 qua
1509 1443 1709 1474 sorores
1758 1442 1975 1488 pausare

363 1510 614 1558 solebant.
674 1510 911 1572 Cumque
938 1510 1243 1573 diligentius
1267 1511 1576 1571 intueretur,
1605 1527 1707 1572 quo
1733 1510 1977 1558 trahente

366 1594 630 1642 leuaretur
667 1596 909 1642 sursum4
936 1594 1076 1655 haec,
1109 1611 1267 1657 quam
1294 1594 1743 1656 contemplabatur
1781 1593 1977 1656 species

364 1679 592 1741 corporis
630 1677 858 1741 gloriosi,
891 1677 1039 1740 uidit,
1073 1677 1222 1740 quasi
1258 1677 1474 1725 funibus
1511 1695 1634 1726 auro
1673 1677 1977 1726 clarioribus

362 1765 420 1811 in
470 1780 693 1826 superna
737 1763 1023 1824 tolleretur,
1069 1763 1233 1810 donec
1281 1763 1436 1811 caelis
1478 1763 1780 1825 patentibus
1822 1764 1980 1811 intro-

370 1849 536 1908 ducta,
569 1847 795 1909 amplius
819 1847 883 1895 ab
909 1846 1000 1894 illa
1025 1846 1191 1894 uideri
1226 1863 1332 1894 non
1360 1846 1544 1909 potuit.
1622 1846 1729 1894 Nec
1756 1847 1977 1894 dubium

369 1930 625 1978 remansit
650 1930 899 1992 cogitanti
926 1930 988 1978 de
1023 1930 1237 1991 uisione,
1272 1930 1399 1992 quin
1425 1930 1617 1992 aliquis
1647 1931 1710 1978 de
1744 1930 1835 1978 illa
1863 1947 1978 1978 0011-

366 2015 663 2078 gregatione
713 2016 867 2063 citius
917 2018 1051 2063 esset
1101 2015 1403 2075 moriturus,
1459 2016 1606 2063 cuius
1655 2015 1832 2064 anima
1885 2031 1980 2078 per

367 2100 515 2160 bona,
571 2116 701 2162 quae
750 2099 971 2159 fecisset,
1028 2115 1195 2161 opera,
1253 2099 1403 2161 quasi
1450 2116 1541 2161 per
1591 2100 1746 2147 funes
1795 2116 1978 2148 aureos

364 2183 588 2231 leuanda
638 2183 773 2229 esset
815 2182 879 2229 ad
929 2182 1131 2243 caelos3
1187 2183 1323 2244 quod
1366 2199 1421 2229 re
1464 2199 1586 2230 uera
1624 2183 1697 2230 ita
1737 2183 1970 2246 contigit.

368 2267 503 2315 Nam
530 2283 638 2314 non
664 2266 848 2313 multis
874 2265 1199 2329 interpositis
1228 2266 1421 2326 diebus,
1455 2266 1564 2313 Deo
1592 2266 1780 2314 dilecta
1809 2268 1978 2314 mater

365 2349 784 2413 congregationis
833 2349 1010 2411 ipsius,
1067 2350 1323 2413 ergastulo
1373 2350 1542 2398 carnis
1592 2350 1811 2398 educta5
1860 2353 1975 2410 est3

364 2435 513 2483 cuius
552 2435 713 2483 talem
752 2433 912 2481 fuisse
952 2435 1155 2481 constat
1198 2433 1378 2493 uitam,
1419 2436 1478 2481 ut
1520 2450 1690 2494 nemo,
1732 2433 1823 2496 qui
1860 2451 1976 2482 eam

365 2518 588 2578 nouerit,
621 2518 857 2566 dubitare
894 2517 1091 2578 debeat,
1129 2517 1257 2579 quin
1297 2517 1344 2564 ei
1382 2518 1595 2566 exeunti
1633 2519 1697 2566 de
1734 2518 1830 2566 hac
1867 2519 1978 2566 uita

365 2602 602 2650 caelestis
626 2602 823 2664 patriae
847 2601 1073 2663 patuerit
1098 2600 1381 2662 ingressus.

73 2698 255 2754 Further
435 2686 503 2734 In
538 2686 721 2734 eodem
759 2701 964 2747 quoque
997 2684 1315 2732 monasterio
1349 2685 1603 2746 quaedam
1638 2687 1746 2733 erat
1782 2684 1979 2733 femina

73 2749 276 2784 nnraeles.
365 2769 791 2830 sanctimonialis,
815 2770 866 2816 et
891 2768 954 2816 ad
983 2766 1173 2815 saeculi
1207 2765 1212 2830 ἱ
1244 2767 1403 2815 huius
1424 2768 1738 2831 dignitatem
1765 2769 1972 2830 nobilis,
2006 2777 2034 2817 f.
2056 2780 2097 2825 78
2117 2778 2153 2816 b.

367 2856 417 2901 et
454 2853 510 2900 in
548 2869 723 2901 amore
759 2851 924 2899 futuri
965 2849 1157 2898 saeculi
1200 2850 1458 2911 nobilior;
1509 2869 1641 2914 quae
1683 2852 1756 2900 ita
1792 2852 1979 2900 multis

365 2937 469 2984 iam
503 2936 656 2984 annis
683 2935 830 2984 omni
855 2935 1079 2998 corporis
1116 2934 1284 2983 fuerat
1318 2934 1484 2983 officio
1518 2935 1783 2997 destituta,
1815 2938 1874 2984 ut
1910 2952 1978 2984 ne

420 3146 433 3168 ¹
463 3147 597 3185 troct—
618 3146 656 3184 N
680 3158 689 3194 3
719 3145 934 3195 torehgyb
957 3145 989 3185 C
1011 3159 1020 3195 ;
1048 3145 1191 3184 torht—
1214 3144 1266 3184 Β.
1390 3143 1404 3165 2
1432 3146 1556 3184 enim
1579 3145 1654 3186 M1.
1786 3144 1800 3167 ³
1831 3146 1979 3185 cubilo

367 3212 429 3261 N;
466 3225 529 3262 cp.
551 3225 595 3262 p.
620 3225 715 3262 193,
739 3213 844 3251 note
860 3209 887 3253 ².
1003 3210 1017 3234 4
1048 3224 1228 3251 rursum
1250 3212 1300 3251 B.
1326 3211 1370 3251 C.
1396 3212 1449 3251 D.
1472 3211 1546 3252 &c.
1660 3212 1675 3235 ⁵
1703 3212 1897 3251 deducta
1918 3213 1971 3252 N.
