2240 3444
277 184 376 224 Cn.
398 180 515 233 X11.]
776 173 965 228 Gentis
1003 178 1050 229 A
1067 180 1340 248 ngylo'rum.
1739 192 1845 243 309

273 331 329 363 ac
366 314 639 378 splendore
676 317 804 365 lucis
841 320 1042 370 audisti.
1119 324 1194 371 Tu
1230 331 1415 380 autom,
1456 329 1571 390 quia
1611 348 1744 379 nuns-
1782 336 1842 382 ad

274 413 456 459 corpus
481 399 681 458 reuerti,
713 403 761 447 ct
789 417 991 449 rursum
1028 404 1164 452 inter
1198 406 1433 455 homines
1468 412 1638 458 uim-r«-
1674 415 1837 467 «idus,

273 478 317 527 si
341 482 486 527 aetus
512 484 628 528 tuos
653 483 901 530 curiosius
926 484 1189 537 discutere.
1223 492 1270 535 et
1300 506 1464 537 moros
1489 509 1844 558 Seruium-squ«-

272 563 389 609 tuos
431 561 487 608 in
524 563 831 611 rectitudine
867 581 921 612 ac
961 566 1290 628 simplicitate
1329 587 1528 619 seruare
1572 577 1838 629 studueris,

271 643 489 705 accipies
528 647 577 691 et
618 645 726 706 ipse
764 648 877 706 post
917 651 1138 696 mortem
1187 650 1355 699 locum
1399 655 1679 702 mansionis
1717 658 1848 705 intvr

271 725 408 780 haec,
452 742 580 788 quae
612 727 789 786 cernis,
832 729 1036 791 agmina
1077 731 1383 782 laetabunda
1424 736 1696 796 spirituum
1741 740 1848 786 boa—

270 810 458 856 torum.
537 807 774 870 Namque
818 826 923 872 ego,
969 828 1086 859 cum
1130 814 1192 861 ad
1241 817 1447 877 tempus
1493 816 1842 868 abscessissem

270 906 300 938 a
332 892 395 950 te,
438 890 501 938 ad
541 890 635 938 hoc
671 892 780 945 feci,
823 895 894 951 ut,
937 894 1059 955 quid
1098 896 1159 942 de
1195 898 1245 943 te
1290 897 1398 944 fieri
1438 899 1658 949 deberet.
1698 919 1844 959 agno-

270 973 516 1021 scerem.”
586 973 727 1021 Haec
754 974 886 1022 mihi
912 991 1031 1023 cum
1057 976 1283 1037 dixisset,
1314 980 1541 1027 multum
1568 981 1845 1031 detestatus

270 1070 387 1102 sum
405 1055 595 1103 reuerti
620 1056 683 1103 ad
709 1073 906 1119 corpus,
933 1057 1215 1107 delectatus
1240 1061 1487 1109 nimirum
1514 1063 1764 1111 suauitate
1789 1082 1842 1112 ac

268 1137 448 1185 decore
489 1137 588 1185 loci
625 1138 780 1198 illius,
823 1155 977 1201 quem
1015 1139 1267 1201 intuebar,
1310 1143 1464 1190 simul
1501 1147 1549 1191 et
1588 1147 1842 1194 consortio

267 1235 460 1279 eorum,
515 1236 645 1282 quos
691 1220 746 1268 in
794 1221 885 1268 illo
936 1221 1190 1270 uidebam.
1278 1224 1381 1271 Nec
1431 1228 1603 1273 tamen
1651 1227 1842 1288 aliquid

267 1301 534 1350 ductorem
590 1319 769 1350 meum
824 1319 1000 1365 rogare
1051 1305 1333 1365 audebam;
1393 1307 1477 1354 sed
1535 1307 1668 1355 inter
1723 1310 1843 1357 haec

266 1385 439 1433 nescio
483 1401 584 1448 quo
626 1385 806 1433 ordine
847 1389 1058 1448 repente
1100 1404 1183 1435 me
1224 1387 1360 1435 inter
1397 1388 1634 1437 homines
1673 1391 1844 1438 uiuere

265 1468 450 1515 cerno.'

334 1549 477 1598 Haec
519 1552 569 1597 et.
608 1549 721 1609 alia,
769 1566 898 1612 quae
934 1551 1146 1612 uiderat,
1190 1552 1328 1600 idem
1353 1553 1433 1600 uir
1470 1553 1692 1607 Domini,
1737 1571 1841 1602 non

265 1633 509 1680 omnibus
555 1632 749 1694 passim
797 1633 1063 1681 desidiosis
1112 1650 1167 1681 ac
1216 1635 1353 1682 uitae
1411 1650 1529 1682 suae
1577 1635 1843 1682 incuriosis

265 1715 456 1763 referre
490 1715 712 1775 uolebat,
744 1716 832 1763 sed
867 1715 971 1763 illis
1007 1716 1348 1776 solummodo,
1381 1716 1469 1778 qui
1502 1716 1583 1763 uel
1616 1720 1840 1763 tormen-

261 1800 436 1846 torum
471 1800 617 1846 metu
654 1798 925 1860 perterriti,
965 1799 1050 1845 uel
1087 1815 1176 1860 spe
1206 1799 1506 1861 gaudiorum
1540 1799 1843 1860 perennium

261 1880 512 1941 delectati,
560 1880 850 1943 profectum
894 1881 1102 1942 pietatis
1143 1897 1204 1928 ex
1247 1881 1357 1928 eius
1395 1881 1567 1929 uerbis
1614 1880 1839 1928 haurire'

259 1963 507 2011 uolebant
521 1961 552 2011 ².
630 1962 869 2025 Denique
893 1963 950 2010 in
974 1962 1168 2010 uicinia
1185 1963 1199 1987 ³
1225 1963 1381 2011 cellae
1411 1963 1553 2010 illius
1586 1963 1842 2010 habitabat

261 2046 475 2108 quidam
514 2045 813 2105 monachus,
857 2045 1069 2093 nomine
1106 2045 1422 2108 Haemgils⁴,
1464 2045 1845 2108 presbyteratus

260 2129 431 2189 etiam,
480 2145 637 2190 quem
687 2127 839 2175 bonis
886 2127 1084 2176 actibus
1133 2128 1458 2190 adaequabat,
1504 2128 1663 2189 gradu
1710 2143 1844 2188 prae·

259 2210 483 2271 minens,
539 2211 628 2272 qui
678 2210 844 2258 adhuc
894 2212 1139 2272 superest,
1185 2212 1235 2257 et
1282 2209 1337 2256 in
1378 2209 1631 2256 Hibernia
1672 2208 1840 2255 insula

259 2292 521 2341 solitarius
546 2293 787 2341 ultimam
813 2292 950 2339 uitae
974 2294 1194 2340 aetatem
1214 2307 1345 2352 pane
1371 2291 1556 2338 cibario
1581 2294 1629 2338 et
1656 2290 1838 2352 frigida

257 2392 389 2438 aqua
425 2378 696 2424 sustentat.
775 2375 878 2423 Hic
914 2374 1117 2436 saepius
1160 2374 1223 2422 ad
1271 2373 1493 2421 eundem
1542 2373 1710 2419 uirum
1767 2372 1837 2418 in·

259 2459 513 2521 grediens,
561 2458 763 2506 audiuit
804 2457 868 2505 ab
907 2474 965 2505 eo
1004 2457 1217 2518 repetita
1259 2454 1665 2516 interrogatione,
1710 2470 1835 2516 quae

261 2543 313 2589 et
355 2541 527 2603 qualia
575 2543 761 2600 essent,
809 2557 938 2603 quae
987 2542 1172 2587 exutus
1219 2555 1425 2600 corpore
1472 2537 1700 2593 uideret:
1747 2552 1836 2596 per

259 2624 408 2671 cuius
468 2623 773 2671 relationem
835 2623 898 2671 ad
967 2624 1199 2669 nostram
1267 2635 1464 2682 quoque
1520 2617 1833 2679 agnitionem

258 2721 555 2768 peruenere,
597 2722 727 2768 quae
769 2705 832 2752 de
869 2704 950 2752 his
985 2719 1141 2766 pauca
1177 2700 1585 2764 perstrinximus.
1664 2699 1836 2745 Narra·
1865 2710 2031 2766 fretu-11³·
2050 2709 2114 2744 his

258 2788 346 2836 bat
394 2790 569 2836 autem
617 2787 846 2835 uisiones
893 2802 1009 2834 suas
1056 2785 1211 2832 etiam
1265 2782 1368 2844 regi
1416 2780 1669 2830 Aldfrido,
1724 2780 1833 2827 uiro
1864 2764 2072 2849 ffiggxstu

259 2871 621 2932 undecumque
682 2868 1014 2928 doctissin103
1074 2868 1124 2914 et
1183 2867 1289 2912 tam
1350 2863 1567 2910 libenter
1625 2865 1832 2922 tamque
1863 2858 2037 2892 Al‘lfrid·

313 2992 327 3018 ¹
358 2993 505 3031 aurire
526 2992 585 3031 M.
735 2990 750 3012 ²
777 2996 832 3030 At
853 2995 927 3029 this
940 2994 1050 3037 poz'nt
1071 2992 1112 3026 in
1135 2988 1171 3026 N
1194 2991 1290 3025 there
1312 2990 1344 3023 is
1362 3000 1413 3023 (ιιι
1435 2997 1586 3022 erasure
1604 2986 1647 3030 qs
1661 2986 1788 3028 nearly
1807 2998 1829 3020 (ι

256 3063 361 3106 line;
392 3062 476 3097 then
504 3061 556 3096 all
582 3061 616 3096 is
639 3061 790 3096 omitted
804 3060 912 3105 from
937 3056 1129 3104 denique
1159 3058 1191 3091 to
1221 3054 1367 3090 seruat
1396 3059 1454 3100 (p.
1486 3062 1566 3098 310
1587 3078 1596 3087 .
1677 3052 1773 3085 Thon
1806 3052 1832 3084 it

256 3128 477 3163 continues:
519 3125 672 3173 postea
711 3126 862 3161 autem
903 3122 978 3160 ille
1017 3119 1183 3168 accepit
1218 3117 1361 3155 locum
1393 3115 1668 3154 secretiorem
1709 3124 1830 3151 nian-

256 3191 396 3229 sionis
430 3189 479 3227 in
511 3188 794 3232 monasterio,
816 3188 895 3226 ubi
928 3186 1124 3233 liberius,
1147 3184 1219 3222 ἀς.
1277 3181 1330 3230 Β2
1349 3184 1420 3219 has
1441 3184 1514 3218 this
1533 3181 1638 3216 latter
1657 3181 1828 3227 rcadinq,

259 3260 322 3294 but
343 3259 406 3293 not
424 3258 482 3293 the
500 3256 655 3294 lacuna.
768 3252 783 3275 ³
811 3265 888 3291 -na
910 3251 971 3290 M.
1079 3247 1094 3271 ¹
1123 3247 1222 3299 ·gis1
1243 3247 1293 3286 B.
