2240 3444
17 535 51 571 ·f.
73 537 117 579 64
137 547 170 572 a.

23 780 72 815 ib.
96 792 126 816 c.
149 793 180 827 9.

17 1267 67 1302 ib.
91 1279 121 1303 c.
148 1281 196 1304 10.

274 141 372 180 CAP.
396 134 548 188 XXV.]
778 129 968 182 Gentis
1008 132 1049 182 A
1071 133 1342 199 afiorum.
1746 144 1844 194 183

272 274 406 321 rium
445 273 540 321 XL
583 274 896 322 familiarum
940 277 993 323 in
1035 277 1156 330 loco,
1200 282 1285 340 qui
1328 282 1511 329 dicitur
1548 286 1835 344 Inletyspum.

273 356 439 416 Quem
490 356 728 405 uidelicet
778 358 948 405 locum
998 360 1148 421 paulo
1197 364 1316 408 ante
1366 364 1448 414 eis,
1504 366 1586 425 qui
1644 371 1840 414 &votius

272 439 633 500 sequebantur,
657 439 713 486 in
738 441 1111 501 possessionem
1139 446 1429 490 umnastvrii
1460 446 1675 493 dederat.
1742 451 1834 496 ,Ἅι-«1

271 521 389 582 quia
436 520 514 567 illi
561 522 894 582 postmodum
929 521 933 585 Ι
966 523 1081 570 data
1131 525 1227 570 sibi
1276 526 1478 585 optione
1526 528 1685 589 magis·
1733 529 1838 575 loco

270 603 461 663 cedere,
503 620 659 664 quam
698 620 844 651 suam
882 607 1081 652 mutare
1119 607 1539 654 consuetudinem
1583 610 1833 669 noh-bant,

269 685 410 732 dedit
435 702 553 733 eum
587 686 678 745 illi,
710 688 799 748 qui
825 687 1034 749 dignam
1070 687 1178 734 loco
1212 691 1261 735 et
1296 689 1577 735 doctrinam
1612 692 1832 742 habt-ret.

268 769 318 814 et
352 768 528 815 uitam.
613 769 828 816 Uenerat
857 785 915 816 eo
940 771 1169 831 tempore
1193 769 1522 830 Asse'lbmvtns¹
1552 773 1838 821 Occidenta-

264 849 397 897 lium
451 849 716 897 Saxonum
765 852 1020 912 episcopus,
1075 852 1216 898 cuius
1277 869 1428 913 supra
1487 855 1832 914 meminimus,

264 933 459 979 amicus
474 932 598 980 Alcle
595 930 757 992 fridi²
776 934 904 994 regis
924 935 974 980 et
998 934 1199 993 Uilfrmi
1218 935 1415 993 abbatis,
1437 935 1497 981 ad
1525 936 1837 995 prouinciam

265 1014 867 1077 Nordanhymbrorumss,
904 1017 955 1062 et
991 1015 1125 1077 apud
1163 1032 1248 1063 eos
1283 1017 1578 1077 aliquandiu
1617 1018 1836 1066 demora-

263 1096 446 1158 batur3
483 1097 574 1159 qui
593 1097 748 1145 etiam
764 1097 1050 1145 Uilfridum
1070 1101 1239 1159 rogatu
1261 1099 1517 1146 Alchfridi
1544 1101 1591 1145 ite,
1616 1101 1837 1161 praefato

263 1195 354 1228 suo
380 1181 694 1228 monasterio
716 1182 1048 1241 presbyterem
1072 1180 1204 1228 fecit.
1281 1180 1518 1228 Habebat
1551 1185 1722 1229 autem
1761 1200 1836 1230 se-

260 1279 379 1310 cum
426 1263 536 1325 ipse
581 1263 943 1326 presbyterum
992 1264 1205 1310 nomine
1252 1264 1624 1325 Agathonem⁴.
1700 1265 1835 1313 Mota
1866 1280 2054 1321 ,ss-nodos

259 1361 380 1407 ergo
421 1346 495 1393 ibi
539 1347 840 1408 quaestione
877 1346 939 1393 de
978 1346 1175 1408 pascha,
1216 1346 1300 1393 uel
1342 1348 1564 1405 tonsura,
1604 1346 1687 1393 uel
1723 1347 1833 1395 aliis
1865 1329 2046 1422 minti&

257 1427 412 1475 rebus
449 1427 820 1489 ecclesiasticis,
852 1428 1162 1490 dispositum
1201 1430 1289 1488 est,
1321 1431 1377 1475 ut
1414 1431 1467 1475 sm
1502 1430 1826 1489 monasterio,

256 1511 382 1570 Quod
406 1511 916 1559 (liclimSz‘rcnccShaIC
931 1511 960 1571 ⁵,
983 1511 1118 1573 quod
1142 1512 1508 1572 interpretatur
1532 1511 1675 1558 sinus
1701 1511 1827 1570 Fari,

255 1594 339 1640 cui
379 1595 507 1641 tunc
543 1595 671 1641 Hild
705 1593 961 1641 abbatissa
998 1594 1106 1641 Deo
1143 1594 1325 1641 deuota
1361 1593 1553 1640 femina
1593 1593 1825 1654 praefuit,

254 1676 485 1738 synodus
544 1676 671 1737 fieri,
725 1678 775 1724 et
835 1676 957 1724 haec
1005 1676 1235 1738 quaestio
1282 1676 1545 1722 terminari
1605 1675 1822 1722 deberet.

255 1758 632 1821 Ueneruntque
667 1759 760 1806 illo
795 1774 933 1820 reyes
968 1758 1134 1818 ambo,
1165 1760 1309 1820 pater
1346 1758 1535 1805 scilicet
1574 1763 1623 1805 et
1660 1757 1827 1815 filius3

253 1843 469 1902 episecqoi,
525 1842 728 1891 Colman
775 1858 893 1889 cum
942 1841 1134 1888 clericis
1183 1841 1288 1887 suis
1336 1840 1397 1887 de
1446 1840 1649 1899 Scottia,
1693 1840 1828 1901 Agil-

251 1923 458 1972 beretus
474 1925 489 1949 ⁶
515 1941 634 1972 cum
659 1924 918 1985 Affathonc
942 1926 992 1972 et
1016 1925 1065 1973 U
1065 1924 1234 1984 ilfrido
1248 1922 1550 1983 presbyteris.
1616 1922 1828 1969 Iacobus

251 2009 303 2055 et
319 2008 588 2055 Romanus
611 2008 667 2055 in
691 2008 882 2055 horum
906 2008 1048 2069 parte
1075 2008 1219 2054 erant
1242 2024 1252 2065 3
1286 2005 1414 2052 Hild
1434 2005 1684 2052 abbatissa
1711 2021 1825 2051 cum

249 2091 358 2138 suis
389 2090 445 2138 in
479 2092 622 2152 parte
655 2090 962 2150 Scottorum,
992 2090 1047 2136 in
1075 2105 1173 2150 qua
1202 2089 1309 2135 erat-
1334 2088 1486 2135 etiam
1521 2086 1825 2134 uenerabilis

249 2173 518 2236 episcopus
567 2173 722 2233 Cedd,
775 2173 1081 2220 iamdudum
1130 2171 1394 2218 ordinatus
1440 2186 1468 2216 a
1518 2169 1714 2220 Scottis.
1768 2172 1823 2216 ut

248 2271 401 2317 supra
437 2257 721 2316 docuimus,
753 2255 842 2317 qui
875 2255 956 2302 etT
989 2255 1245 2316 interpres
1278 2255 1331 2300 in
1366 2270 1423 2300 eo
1457 2251 1669 2299 concilio
1704 2250 1823 2312 uigi-

247 2337 570 2386 lantissimus
595 2339 867 2400 utriusque
890 2337 1051 2400 partis
1076 2337 1260 2384 extitit.

314 2421 629 2484 Primusque
664 2436 747 2470 rex
785 2421 938 2470 Oqu'u
978 2418 1291 2481 praemissa8
1327 2418 1648 2479 praefatione,
1688 2415 1817 2476 quod
1847 2417 2022 2500 22:11:

246 2507 505 2568 oporteret
547 2520 646 2565 eos,
691 2503 781 2566 qui
825 2504 916 2551 uni
952 2503 1059 2550 Deo
1101 2501 1368 2560 seruirent,
1412 2516 1565 2546 unam
1611 2497 1817 2545 uiuendi
1847 2478 2018 2558 simet-hl*

244 2587 477 2650 regulam
512 2588 700 2646 tenere,
744 2602 838 2634 nec
875 2586 1159 2646 discrepare
1199 2585 1253 2630 in
1290 2583 1624 2630 celebratione
1661 2597 1816 2627 sacra-

243 2672 544 2718 mentorum
597 2668 908 2729 caelestium,
963 2668 1050 2729 qui
1103 2682 1266 2713 unum
1327 2681 1503 2711 omnes
1555 2664 1607 2709 in
1669 2661 1815 2708 caelis

243 2769 465 2816 regnum
542 2752 904 2814 expectarent,
981 2747 1349 2811 inquirendum
1427 2746 1609 2806 potius,
1685 2760 1811 2804 quae

243 2838 376 2883 esset
411 2836 582 2882 uerior
607 2833 830 2894 traditio,
862 2835 913 2880 et
938 2833 1070 2880 hanc
1095 2831 1156 2878 ab
1195 2829 1434 2877 omnibus
1470 2825 1811 2873 communiter

242 2934 352 2966 esse
389 2918 708 2980 sequendam
729 2934 740 2976 ;
782 2916 933 2963 iussit
959 2916 1124 2976 primo
1153 2912 1314 2959 dicere
1355 2912 1621 2970 episcopum
1659 2922 1809 2952 suum

1673 3039 1684 3060 ⁴
1716 3053 1793 3084 :ugo

295 3051 308 3074 ¹
339 3051 542 3090 -berhtus
563 3052 611 3092 C.
763 3051 778 3073 ²
806 3048 991 3089 alhfridi
1013 3047 1059 3086 C.
1215 3047 1230 3071 3
1261 3045 1440 3082 norban—
1464 3043 1508 3080 C.

240 3117 427 3156 thonem
448 3117 501 3157 N.
751 3116 766 3139 ⁵
797 3113 1100 3155 streneshalcli
1125 3114 1154 3153 C
1176 3127 1185 3160 3
1214 3109 1538 3151 stroamwshalc
1561 3108 1595 3145 B
1615 3121 1623 3155 ;
1653 3107 1735 3145 -alc
1759 3110 1810 3148 N.

238 3184 254 3206 ⁶
282 3183 510 3222 -berchtus
530 3183 577 3223 C.
598 3183 650 3223 B.
761 3181 776 3203 ⁷
805 3185 849 3221 et
870 3195 945 3220 om.
966 3181 1012 3220 C.
1165 3178 1177 3199 *²
1209 3179 1332 3216 -misa
1358 3177 1414 3215 M.
