2240 3444
264 123 362 164 CAP.
382 120 494 172 xlm
768 117 956 171 Gentis
995 123 1331 190 Aoifslorum.
1726 131 1826 182 305

260 257 431 307 leuam
480 261 630 308 nobis
676 263 785 323 sita,
840 282 1004 315 unum
1052 269 1186 316 latus
1244 272 1464 319 flammis
1519 274 1830 322 sei-uentibus

262 339 487 389 nimium
514 344 756 397 terribile,
787 348 1006 397 alterum
1043 352 1263 399 furenti¹
1294 356 1541 412 grandine
1567 376 1618 403 31-
1649 358 1827 411 trigon·

262 421 467 471 niuium
513 427 686 474 omnia
733 430 980 489 perflante
1028 437 1179 494 atque
1226 441 1459 483 ueri-ente
1510 455 1608 484 11011
1661 440 1830 485 minus

261 503 583 555 intolerabile
619 511 946 570 praeferebat.
1023 514 1346 578 Utrumque²
1383 522 1552 565 autem
1592 526 1689 566 erat
1732 522 1831 566 ani·

261 588 446 638 mabus
489 591 763 641 hominum
812 595 1072 656 plenum-²,
1118 615 1245 659 quae
1294 599 1520 646 uicissim
1570 601 1665 647 huc
1717 602 1831 649 111110

260 670 569 721 uidebantur
615 676 760 737 quasi
807 679 1126 740 tempestatis
1174 681 1369 742 inipetu
1427 682 1608 729 iactari.
1703 687 1829 729 (311111

262 754 403 802 enim
463 757 573 804 uim
628 758 847 807 feruoris
896 761 1122 809 inmensi
1178 764 1394 811 tolerare
1452 781 1552 810 11011
1606 769 1824 824 poss-ent,

259 839 593 900 prosiliebant
635 841 851 890 miserae
894 843 947 891 in
990 845 1219 893 medium
1263 846 1472 907 rigoris⁴
1523 847 1728 905 infesti;
1782 851 1828 893 vt

260 938 381 971 cum
422 939 592 984 neque
634 923 706 970 ibi
746 925 1011 987 quippiam
1060 928 1252 989 requiei
1302 929 1534 977 inuenire
1584 929 1826 979 ualerent.

257 1005 555 1054 resiliebant
610 1022 787 1054 rursus
834 1009 1058 1056 urendae
1109 1010 1164 1057 in
1225 1011 1453 1058 medium
1507 1012 1830 1058 flammarum

259 1089 755 1152 inextinguibilium.
834 1091 1068 1153 Cumque
1110 1093 1202 1140 hac
1242 1093 1436 1140 infelici
1478 1093 1831 1140 uicissitudine

259 1172 410 1235 longe
435 1172 652 1233 lateque,
679 1175 831 1233 prout
857 1174 1080 1235 aspicere
1105 1177 1348 1236 poteram,
1380 1176 1489 1223 sine
1516 1176 1621 1222 ulla
1647 1176 1832 1236 quietis

257 1254 642 1317 intercapedine
713 1256 1107 1304 innumerabilis
1175 1257 1452 1318 spirituum
1524 1258 1830 1305 defin-mium

257 1337 544 1386 multitudo
569 1338 905 1399 torqueretur,
937 1339 1154 1401 cogitare
1175 1339 1328 1400 coepi,
1352 1340 1487 1400 quod
1514 1340 1595 1386 hic
1622 1340 1833 1386 fortasse

259 1423 392 1470 esset
451 1420 703 1479 infernUS,
765 1422 826 1468 de
889 1422 1033 1468 cuius
1091 1422 1365 1469 tormentis
1426 1421 1833 1468 intolerabilibus

259 1503 490 1552 narrari⁵
529 1503 732 1564 saepius
773 1502 962 1551 audiui.
1039 1503 1323 1565 Respondit
1359 1503 1652 1565 cogitationi
1689 1520 1830 1549 meac

258 1586 454 1646 ductor,
500 1584 590 1647 qui
629 1602 714 1633 me
755 1586 1119 1647 praecedebat:
1177 1584 1340 1632 “Non
1389 1585 1532 1642 hoc,”
1574 1584 1825 1645 inquiens,

264 1667 619 1731 “suspiceris3
673 1684 781 1715 non
821 1667 961 1715 enim
1000 1668 1084 1716 hic
1126 1668 1361 1716 infernus
1408 1669 1483 1715 est
1533 1667 1632 1727 ille,
1676 1683 1829 1728 quein

255 1751 460 1813 putaS.''

333 1834 437 1882 ‘At
484 1850 602 1881 cum
651 1850 736 1881 me
783 1833 878 1881 hoc
925 1833 1213 1895 spectaculo
1260 1835 1368 1881 tam
1427 1832 1679 1880 horrendo
1733 1847 1836 1891 per·

262 1918 506 1966 territum
539 1916 788 1978 paulatim
824 1916 880 1963 in
916 1916 1156 1964 ulteriora
1187 1917 1500 1978 produceret,
1532 1913 1638 1961 uidi
1668 1913 1835 1960 subito

262 2002 383 2048 ante
425 2016 522 2048 nos
561 1999 818 2047 obscurari
858 1998 1083 2060 incipere
1122 1998 1242 2058 loca,
1293 2000 1343 2045 et
1390 1996 1616 2044 tenebris
1663 1994 1836 2042 omnia

259 2082 460 2144 repleri.
539 2083 675 2143 Quas
717 2099 836 2129 cum
872 2081 1194 2140 intraremus,
1242 2080 1296 2127 in
1338 2082 1543 2127 tantum
1582 2077 1838 2139 paulisper

260 2166 604 2213 condensatae
642 2167 778 2224 sunt,
828 2167 888 2212 ut
936 2164 1070 2211 nihil
1117 2164 1316 2225 praeter
1362 2162 1498 2223 ipsas
1544 2160 1830 2221 aspicerem,

260 2250 470 2310 excepta
495 2248 765 2295 dumtaxat
790 2247 955 2309 specie
981 2248 1032 2293 et
1055 2248 1200 2293 ueste
1225 2245 1347 2303 eius,
1380 2243 1465 2305 qui
1491 2259 1572 2289 ine
1603 2240 1828 2288 ducebat.

15 2342 177 2417 Agiig'vi
258 2329 328 2378 Et
370 2346 490 2377 cum
525 2330 952 2392 progrederemur
992 2328 1126 2376 ‘sola
1160 2328 1255 2376 sub
1293 2329 1440 2374 nocte
1476 2341 1564 2386 per
1598 2323 1836 2379 umbras‚'

34 2409 114 2467 68.'
179 2409 188 2418 ’
260 2429 373 2460 0000
430 2412 600 2460 subito
661 2414 906 2474 apparent
965 2413 1084 2459 ante
1142 2426 1235 2458 nos
1293 2409 1451 2457 crebri
1511 2407 1833 2453 flammarum

259 2496 512 2543 tetrarum
553 2494 708 2557 globi,
753 2495 1090 2542 ascendentes
1129 2492 1273 2554 quasi
1315 2491 1377 2538 de
1425 2491 1578 2551 puteo
1626 2503 1826 2546 magno,

260 2593 572 2639 rursumque
598 2577 893 2625 decidentes
917 2577 971 2623 in
998 2576 1232 2623 eundem.
1301 2573 1410 2632 Quo
1427 2587 1541 2617 cum
1562 2569 1832 2630 perductus

261 2675 442 2719 essem,
484 2662 696 2721 repente
733 2660 916 2707 ductor
960 2674 1107 2705 meus
1148 2654 1405 2716 disparuit,
1452 2668 1505 2698 ac
1545 2667 1626 2697 me
1665 2649 1831 2695 solum

260 2741 317 2788 in
364 2741 537 2789 medio
585 2741 918 2789 tenebrarum
968 2742 1017 2787 et
1065 2737 1300 2785 horridae
1349 2733 1561 2781 uisionis
1608 2729 1825 2790 reliquit.

260 2825 335 2872 At
377 2840 495 2872 cum
532 2824 672 2872 idem
708 2824 850 2887 globi
885 2823 1086 2886 ignium
1124 2820 1234 2867 sine
1271 2814 1646 2864 intermissione
1677 2810 1831 2857 modo

259 2906 363 2954 alta
420 2908 668 2968 peterent,
722 2907 876 2954 modo
935 2906 1038 2953 ima
1088 2900 1276 2949 baratri
1328 2897 1624 2958 repeterent.
1681 2909 1830 2939 cerno

260 2988 449 3048 omnia,
476 3004 604 3050 quae
623 2988 979 3047 ascendebant,
996 2984 1196 3046 fastigia
1213 2982 1536 3029 flammarum
1556 2976 1706 3038 plena
1723 2989 1830 3020 esse

317 3122 327 3145 ¹
360 3123 557 3163 sementi
578 3123 638 3162 M.
789 3122 805 3145 ²
833 3126 995 3172 utrque
1016 3119 1073 3159 M¹
1094 3133 1103 3167 ;
1133 3120 1316 3166 uterquc
1338 3115 1412 3154 M&
1606 3109 1619 3131 ³
1650 3121 1751 3148 -uus
1772 3107 1831 3149 M.

259 3189 275 3213 ⁴
305 3188 484 3240 frigoris
504 3189 563 3228 M.
582 3189 658 3240 HI.
677 3189 730 3228 D.
750 3188 821 3228 &c.
932 3186 947 3209 ⁵
974 3196 1157 3225 narrare
1181 3181 1238 3222 M.

1029 3267 1065 3301 X
