2240 3444
391 179 500 229 404
599 176 867 230 Historia
907 175 1197 230 Abbcztum
1236 179 1461 230 auctore
1501 174 1825 245 Anonymo.

390 329 625 374 traditum
678 332 750 374 est
802 329 1079 375 uenerabile
1135 344 1302 387 corpus
1361 327 1523 385 ipsius,
1572 327 1725 372 tribus
1780 326 1994 372 eiusdem

388 403 647 449 aecclesiae
672 403 959 457 custodibus,
985 404 1122 448 iuxta
1150 418 1341 454 morem,
1377 401 1602 447 excubias
1630 401 1635 460 1
1663 401 1820 446 noctis
1847 416 1993 459 agen·
2024 407 2050 445 f.
2070 419 2114 453 34
2132 420 2168 446 a.

387 478 528 531 tibus,
577 479 735 524 subito
782 478 1039 537 flagrantia
1071 478 1181 521 miri
1215 477 1369 522 odoris
1404 480 1560 521 totam
1598 476 1880 521 aecclesiam
1921 491 1992 521 re-

387 552 629 610 pleuerit3
665 557 828 599 secuta
860 553 923 598 sit
955 556 1118 598 autem
1152 556 1200 598 et
1234 552 1327 603 lux,
1353 566 1473 608 quae
1501 553 1550 596 et
1581 550 1686 608 ipsa
1718 566 1814 596 non
1846 566 1992 608 paruo

385 628 600 684 tempore
625 642 928 685 permanens,
951 629 1147 672 tandem
1181 629 1313 671 tecta
1345 624 1609 670 aecclesiae
1643 624 1874 682 petierit3
1910 624 1992 682 qui

386 700 618 746 citissime
665 702 843 761 egressi
888 705 938 747 et
981 704 1285 758 aspectantes
1329 699 1543 744 uiderint
1586 700 1791 744 eandem
1834 699 1991 744 lucem

385 776 559 821 cursim
573 777 728 822 caelos
744 781 926 834 petere,
948 777 1017 821 ita
1040 779 1094 820 ut
1114 775 1299 833 fulgore
1325 774 1473 831 ipsius
1492 777 1664 819 cuncta
1680 773 1733 818 in
1755 773 1962 819 circuitu
1976 775 1991 800 1

383 851 498 903 loca,
524 852 660 896 uelut
691 851 913 905 interdiu,
939 851 1220 896 uiderentur
1246 850 1513 902 inlustrata,
1537 851 1591 893 ut
1613 849 1776 906 palam
1799 849 1993 894 daretur

382 925 596 984 intelligi
640 926 883 971 ministros
926 929 1153 971 aeternae
1195 924 1315 968 lucis
1354 928 1403 969 et
1436 927 1700 981 perpetuae
1735 924 1989 969 suauitatis

381 1000 604 1053 adfuisse,
650 1000 733 1057 qui
771 1001 933 1046 sedem
977 999 1132 1044 sancti
1176 998 1383 1056 corporis
1426 1013 1511 1042 sua
1554 997 1835 1043 uisitatione
1881 1013 1988 1043 con-

380 1075 686 1120 secrauerint.
751 1076 886 1120 Unde
921 1090 1021 1119 mos
1056 1073 1298 1119 increbuit
1342 1072 1557 1118 eiusdem
1590 1073 1686 1118 loci
1719 1072 1900 1127 incolis,
1935 1077 1990 1119 ut

379 1160 464 1202 per
485 1145 671 1203 singula
688 1145 884 1190 diurnae
910 1146 989 1190 uel
1009 1148 1270 1190 nocturnae
1295 1143 1524 1189 orationis
1538 1147 1771 1202 tempora.
1790 1145 1987 1202 expleto

379 1220 644 1277 psalmodie
692 1220 821 1265 ritu²
862 1220 1103 1273 canonico,
1158 1235 1321 1264 onmes
1365 1218 1460 1263 uiri
1492 1220 1552 1264 ad
1595 1220 1813 1264 tumbam
1856 1220 1987 1266 illius

377 1294 696 1352 supplicaturi
719 1310 878 1353 genua
901 1297 1101 1339 curuent
1115 1293 1145 1339 3.
1210 1294 1302 1339 Sed
1326 1298 1373 1339 et
1399 1294 1494 1338 alia
1517 1294 1654 1352 signa
1682 1297 1730 1340 et
1753 1295 1986 1341 sanitates

376 1367 556 1414 ibidem
581 1370 729 1414 factas
752 1371 881 1414 fama
903 1369 1136 1428 uulgauit,
1155 1370 1363 1414 donante
1388 1369 1472 1415 illo
1496 1369 1578 1427 qui
1601 1373 1789 1415 sanctos
1813 1385 1917 1415 suos
1936 1374 1985 1417 et

375 1441 426 1486 in
449 1443 692 1499 praesenti
717 1446 956 1489 certantes
980 1443 1160 1497 iuuare,
1181 1447 1229 1489 et
1253 1443 1304 1487 in
1328 1444 1488 1489 futuro
1507 1445 1756 1490 consueuit
1774 1444 1982 1492 uictores

375 1531 598 1563 coronare
619 1517 649 1562 4.
712 1518 866 1562 AMEN
886 1517 917 1564 ⁵.

427 1673 438 1694 ¹
469 1689 582 1727 quae
623 1678 671 1715 in
711 1678 902 1717 circuitu
941 1679 1072 1716 erant
1111 1677 1146 1717 δ.
1382 1675 1397 1698 ²
1426 1678 1513 1717 rite
1553 1678 1614 1718 H.
1861 1682 1875 1703 ³
1906 1683 1980 1721 The

371 1756 395 1780 e
429 1747 560 1782 erased
593 1746 637 1781 in
671 1743 728 1781 H.
898 1742 910 1763 ⁴
942 1744 1082 1783 Ihesu
1117 1743 1299 1783 Christo
1331 1744 1526 1784 Domino
1559 1747 1727 1796 nostro,
1763 1746 1842 1796 qui
1873 1759 1976 1786 cum

372 1808 501 1847 Patre
523 1810 567 1847 et
597 1809 770 1860 Spiritu
801 1809 966 1849 Sancto
996 1811 1117 1849 uiuit
1147 1812 1193 1849 et
1222 1813 1381 1861 regnat
1411 1811 1461 1849 in
1492 1812 1670 1851 saecula
1700 1813 1978 1852 saeculorum

370 1878 471 1913 adds
490 1876 524 1914 δ.
787 1876 802 1899 ⁵
833 1876 1031 1926 Explicit
1052 1878 1151 1916 uita
1173 1878 1445 1917 Sanctorum
1466 1878 1698 1918 Abbatum
1721 1879 1973 1931 Benedicti,

370 1939 600 1992 Ceolfridi,
622 1941 937 1993 Easteruuyni,
964 1943 1167 1994 Sigfridi,
1194 1945 1327 1993 atque
1349 1944 1673 1995 Hwaetbyrhti
1694 1946 1754 1985 H.
1777 1959 1827 1985 οη
1848 1946 1880 1986 f.
1901 1945 1976 1996 34¹³

368 2009 413 2045 in
433 2021 458 2045 α
478 2013 540 2046 mot
561 2012 673 2047 much
694 2012 788 2048 later
807 2013 915 2048 lzcmd
931 2024 943 2048 .·
974 2010 1306 2050 Benedicamus
1329 2011 1537 2064 Domino,
1563 2012 1657 2052 Deo
1677 2014 1857 2064 gratias,
1881 2018 1975 2053 with

367 2076 530 2113 musical
550 2079 734 2115 ozotatc’on.
