2240 3444
65 1872 317 1908 Foundation

64 1926 109 1958 of
118 1924 259 1959 Wear-

64 1973 221 2017 mouth,
252 1974 318 2016 674

63 2036 97 2059 A.
116 2035 152 2059 n.

68 2315 268 2351 Benedict

67 2366 230 2400 obtains

67 2415 293 2450 architects

67 2466 176 2500 from
191 2464 310 2500 Gaul.

72 2612 249 2648 Ceolfrid

69 2662 216 2697 retires
232 2664 276 2696 to

73 2712 220 2756 Ripon,
242 2712 317 2746 but

72 2763 107 2796 is
124 2761 303 2796 induced

72 2815 115 2844 ‘ro
133 2814 291 2846 return.

332 159 440 210 390
829 147 895 201 Η
897 148 914 201 ἰ
917 143 1095 200 storia
1132 140 1420 197 Abbcctu‘m

335 284 504 356 Gallie,
535 300 583 343 et
616 294 770 350 Italie,
801 293 882 338 sed
916 293 964 338 et
997 288 1265 334 Insularum
1297 283 1516 342 partibus
1548 278 1778 334 lustratis,
1810 276 1933 325 anti·

335 389 533 432 quorum
555 372 736 416 statuta
757 364 1150 411 monasteriorum
1173 361 1269 404 iam
1291 356 1539 403 notissima
1558 355 1775 400 haberet.

396 450 436 493 6.
471 445 688 500 Denique
721 442 894 487 referre
925 441 1026 485 erat
1059 436 1239 490 solitus,
1266 433 1378 490 quia
1407 429 1642 488 regulam,
1671 443 1817 485 quam
1850 428 1936 472 do-

337 523 492 576 cebat,
515 519 566 563 in
589 513 931 573 antiquissimis
957 513 1081 556 Xcem
1105 514 1152 555 et
1174 507 1343 553 VHtem
1366 503 1668 549 monasteriis
1689 502 1937 557 didicerat,

339 599 388 641 et
421 607 633 651 quaeque
664 590 948 644 ubicumque
973 584 1156 642 optima
1177 581 1389 630 uidisset,
1419 580 1555 635 haec,
1587 576 1722 634 quasi
1754 576 1806 620 in
1838 591 1937 621 sac-

339 670 443 715 culo
476 667 548 712 sui
576 663 781 723 pectoris
814 660 1070 712 recondita,
1106 654 1528 709 Brittanniamque
1563 652 1766 709 perlata,
1799 649 1938 696 nobis

340 743 578 800 sequenda
619 737 884 785 tradiderit.
961 734 1050 779 Sed
1092 732 1216 776 sicut
1260 729 1501 773 Barnabas
1539 726 1794 784 apostolus,
1829 741 1939 770 cum
1970 733 2022 791 eff.
2045 732 2137 769 Act.

341 821 463 864 esset
484 816 559 860 uir
579 816 743 866 bonus,
768 812 1031 869 plenusque
1062 805 1245 863 Spiritu
1270 804 1444 848 Sancto
1459 802 1474 826 1
1504 817 1558 846 ac
1582 801 1689 857 fide,
1713 801 1940 845 docturus
1969 795 2025 819 '³¹'
2048 794 2104 827 ²4⁹
2123 794 2173 827 ²⁵·

340 891 623 937 Antiochiae
661 887 812 945 primo
847 884 980 930 uenit
1017 883 1225 935 Tarsum,
1260 878 1343 922 ubi
1376 877 1560 921 sciebat
1594 890 1692 921 esse
1727 875 1936 929 Saulum,

341 982 482 1024 quem
514 965 642 1008 inter
673 961 945 1005 rudimenta
983 957 1228 1012 susceptae
1272 951 1383 997 fidei
1416 965 1592 1008 magna
1623 950 1721 994 iam
1755 949 1939 995 dedisse

345 1070 347 1098 ,
377 1039 656 1085 meminerat
671 1034 848 1078 indicia
861 1030 1069 1086 uirtutis,
1079 1032 1133 1073 ut
1148 1029 1237 1072 hoc
1255 1041 1365 1071 usus
1383 1025 1599 1070 adiutore
1615 1024 1941 1070 ministerium
1973 1035 2002 1071 f.
2023 1047 2062 1079 23
2081 1046 2117 1071 a.

344 1113 490 1165 uerbi,
526 1109 678 1156 sicut2
711 1107 1041 1166 proposuerat,
1073 1102 1330 1159 impleret;
1376 1100 1455 1145 uel
1493 1099 1615 1144 sicut
1652 1100 1840 1156 Moyses
1882 1099 1943 1143 ad

344 1191 568 1233 ducatum
612 1182 938 1228 Israheliticae
981 1177 1136 1236 plebis
1178 1177 1237 1220 ab
1274 1175 1378 1232 ipso
1422 1174 1626 1218 Domino
1671 1174 1853 1220 electus
1895 1177 1946 1219 et

347 1264 552 1316 edoctus,
580 1274 637 1304 ne
670 1258 792 1302 solus
821 1254 947 1300 tanti
976 1253 1161 1310 pondus
1189 1249 1436 1308 regiminis
1463 1249 1617 1294 subire
1648 1248 1945 1305 formidaret,
1975 1257 2106 1293 Exod.
2133 1257 2187 1293 iv,

345 1339 501 1381 Aaron
544 1333 704 1378 fratris
741 1330 919 1375 auxilio
955 1328 1174 1384 stipatur,
1209 1339 1299 1381 quo
1339 1324 1584 1368 sacerdote
1619 1327 1670 1368 et
1707 1324 1947 1381 propheta
1981 1308 2104 1351 ¹4⁴⁶·

347 1410 534 1456 adiutus
578 1409 848 1463 susceptum
891 1401 1179 1458 adimpleret
1214 1399 1447 1451 officium;
1493 1397 1558 1442 sic
1602 1397 1845 1455 nimirum,
1878 1398 1946 1443 sic

346 1480 695 1530 memorabilis3
747 1479 893 1524 abbas
943 1475 1243 1527 Benedictus,
1296 1488 1402 1518 cum
1452 1475 1575 1518 esset
1623 1472 1674 1516 in
1728 1473 1946 1518 omnibus

346 1556 624 1604 monasterii
657 1552 921 1610 disciplinis
952 1548 1348 1594 instructissimus
1365 1547 1396 1602 4,
1428 1548 1481 1591 in
1513 1548 1830 1592 construendo
1865 1562 1947 1593 suo

346 1631 631 1679 monasterio
656 1626 914 1674 Ceolfr1>615
945 1624 1183 1682 quaesiuit
1213 1622 1462 1676 auxilium,
1497 1622 1578 1679 qui
1603 1625 1652 1668 et
1679 1622 1913 1681 regularis
1933 1622 1949 1647 ⁶

348 1705 696 1753 obseruantiam
717 1703 848 1747 uitae
871 1700 976 1758 pari
999 1698 1244 1744 doctrinae
1274 1697 1434 1742 studio
1459 1697 1686 1752 firmaret,
1711 1700 1760 1742 et
1783 1697 1949 1742 altaris

348 1782 552 1828 officium
575 1776 828 1824 sacerdotii
850 1776 1001 1834 gradu
1025 1774 1285 1831 suppleret.

409 1870 447 1913 7.
481 1857 716 1912 Ceperunt
739 1854 898 1897 autem
921 1849 1170 1895 aedificare
1194 1847 1537 1893 monasterium
1568 1846 1704 1891 iuxta
1737 1845 1943 1892 ostium⁷
1974 1855 2099 1891 Baed.

346 1931 469 1975 Wiri
502 1928 721 1981 fluminis,
754 1940 878 1970 anno
912 1923 1181 1968 dominicae
1215 1922 1561 1967 incarnationis
1599 1922 1946 1967 sexcentesimo
1977 1906 2023 1953 ἐξ
2042 1918 2079 1951 4’
2099 1918 2130 1950 ⁵·

349 2002 700 2063 septuagesimo
734 2001 886 2054 Imm,
910 1998 1172 2043 indictione
1195 1998 1279 2051 Ha,
1304 2012 1428 2041 anno
1461 2000 1628 2041 autem
1659 1999 1830 2054 quarto
1860 1996 1952 2041 im-

348 2079 470 2138 perii
499 2075 716 2136 ngrffii8
748 2073 886 2133 regis,
910 2075 1113 2130 accepta
1134 2073 1193 2117 ab
1219 2086 1272 2118 eo
1300 2074 1443 2126 terra,
1469 2071 1624 2129 primo
1657 2071 1954 2117 familiarum

349 2151 709 2211 quinquaginta,
733 2152 902 2206 postea
924 2162 1127 2204 namque
1157 2147 1233 2192 uel
1263 2146 1411 2204 ipsius
1442 2147 1521 2191 uel
1550 2146 1756 2190 aliorum
1786 2162 1952 2205 regum

350 2227 673 2281 nobiliumque
708 2222 963 2268 donatione
1001 2221 1053 2264 in
1082 2220 1266 2265 maius⁹
1299 2223 1496 2265 auctum
1535 2224 1622 2266 est.
1688 2219 1957 2266 Secundo¹⁰

351 2301 541 2347 fundati
570 2296 847 2344 monasterii
878 2311 1015 2349 anno,
1050 2295 1340 2341 Benedictus
1369 2310 1499 2340 mare
1531 2295 1770 2341 transiens
1804 2295 1956 2340 archi-

353 2380 504 2422 tectos
553 2390 581 2419 a
628 2370 985 2417 Torhthelmo11
1028 2370 1217 2426 abbate,
1261 2370 1439 2414 dudum
1491 2369 1581 2414 sibi
1624 2369 1677 2414 in
1725 2369 1956 2415 amicitiis

355 2452 529 2503 iuncto,
576 2463 774 2505 quorum
821 2444 1091 2503 magisterio
1135 2447 1183 2489 et
1227 2459 1370 2501 opere
1411 2444 1662 2489 basilicam
1697 2445 1755 2490 de
1793 2444 1953 2502 lapide

356 2527 548 2576 faceret,
573 2522 732 2580 petiit,
756 2523 1071 2577 acceptosque
1096 2520 1152 2564 (le
1177 2519 1334 2563 Gallia
1364 2518 1693 2564 Brittanniam
1715 2519 1955 2577 perduxit.

418 2603 455 2644 8.
491 2598 630 2655 Cepit
666 2597 851 2642 interea
886 2596 1051 2640 tedere
1087 2594 1380 2639 Ceolfridum
1415 2594 1669 2651 prioratUS‚
1704 2594 1955 2652 magisque

362 2676 366 2732 Ι
396 2674 637 2718 delectare
652 2671 686 2695 ¹2
708 2671 903 2716 libertas
935 2668 1245 2714 monachicae
1279 2668 1454 2725 quietis
1490 2684 1634 2725 quam
1668 2668 1815 2714 alieni
1846 2683 1958 2713 cura
1987 2674 2016 2711 f.
2039 2686 2079 2719 23
2097 2674 2134 2710 b.

359 2747 617 2805 regiminis.
695 2745 815 2789 Nam
869 2748 917 2789 et
970 2743 1174 2787 inuidias
1227 2744 1524 2800 quorundam
1572 2742 1822 2796 nobilium,
1877 2741 1961 2799 qui

359 2823 621 2879 regularem
646 2820 745 2864 eius
769 2818 1069 2875 disciplinam
1093 2818 1215 2863 ferre
1240 2817 1517 2874 nequibant,
1541 2817 1960 2874 insecutionesque

360 2896 631 2952 patiebatur
672 2893 962 2946 aecer-rimas,
997 2907 1306 2948 reuersusque
1343 2892 1403 2935 ad
1436 2891 1782 2937 monasterium
1825 2906 1961 2935 suum

418 3026 428 3047 ¹
462 3031 612 3067 sancto
635 3028 796 3077 spiritu
817 3028 850 3067 δ.
980 3025 994 3046 ²
1024 3027 1142 3064 sicut
1161 3038 1235 3064 om.
1254 3023 1312 3063 H¹
1336 3037 1346 3073 ;
1378 3024 1498 3074 quod
1515 3023 1594 3064 H2.
1704 3023 1719 3046 ³
1749 3022 1962 3061 memoris

364 3094 421 3132 H.
564 3092 577 3114 ⁴
608 3094 717 3131 -mis
739 3091 813 3132 H¹.
954 3091 969 3114 ⁵
1001 3091 1065 3129 -di
1087 3092 1121 3130 δ.
1253 3091 1267 3113 ⁶
1296 3091 1507 3139 regulans
1528 3089 1605 3130 H1.
1750 3086 1764 3108 ⁷
1795 3088 1961 3127 ostium

363 3173 435 3198 om.
463 3160 519 3198 H.
633 3158 647 3179 ⁸
677 3158 741 3196 -di
764 3160 799 3198 δ.
900 3157 915 3180 ⁹
945 3158 1120 3206 magius
1142 3156 1208 3204 H;
1239 3157 1417 3207 magnis
1438 3158 1473 3196 δ.
1587 3155 1618 3178 ¹⁰
1648 3168 1732 3195 sec.
1749 3157 1903 3194 autem
1925 3153 1961 3193 δ.

364 3227 391 3248 ³¹
423 3228 630 3267 tortelmo
652 3229 687 3267 δ.
817 3225 848 3249 ¹²
877 3228 934 3266 —ri
958 3227 1018 3265 Η.
1041 3227 1077 3267 δ.
