2240 3444
63 1698 244 1734 Govern-

62 1751 180 1783 ment
198 1749 245 1784 of

62 1799 136 1833 the
154 1802 318 1844 tongue.

61 1848 196 1893 Study
215 1850 261 1884 of

62 1899 284 1944 Scripture.

355 135 462 185 406
879 129 1137 201 Epistola
1177 128 1322 182 Bede
1360 127 1437 180 ad

353 277 498 325 tione
523 278 573 324 et
599 275 832 325 doctrina
857 273 1165 322 confirmare
1191 270 1512 322 memineris.
1590 269 1790 317 Neutra
1815 268 1958 317 enim

353 360 480 408 haec
517 359 686 407 uirtus
723 358 836 406 sine
872 357 1035 406 altera
1065 357 1164 404 rite
1200 356 1371 417 potest
1408 352 1652 416 impleri;
1690 352 1735 400 si
1769 354 1859 400 aut
1893 353 1950 412 is,

355 442 445 507 qui
481 443 613 491 bene
655 441 804 503 uiuit,
850 440 1070 492 docendi
1111 438 1338 488 officium
1378 436 1614 499 negligit,
1659 438 1749 484 aut
1787 437 1957 484 recte¹

355 529 546 578 docens
599 526 819 575 antistes
874 526 1071 573 rectam
1125 536 1360 569 exercere
1420 519 1774 581 operationem
1837 537 1957 568 con-

353 611 546 660 temnit
564 612 594 659 ².
673 610 774 670 Qui
809 607 1018 657 autem3
1056 607 1341 666 utrumque
1383 602 1638 650 ueraciter
1683 604 1802 666 agit,
1845 621 1958 666 pro-

352 695 487 743 fecto
511 693 631 742 talis
657 710 839 741 seruus
863 692 1151 740 aduentum
1178 685 1396 735 Domini
1426 685 1508 733 sui
1541 686 1958 749 gratulabundus

355 779 600 840 expectat,
650 793 862 838 sperans
905 791 960 823 se
997 772 1151 821 citius
1186 769 1527 818 auditurum:
1586 770 1760 833 ‘Euge
1808 787 1958 820 serue

353 861 488 909 bone
526 863 578 908 et
615 859 799 920 fidelis,
843 858 963 921 quia
999 871 1155 917 super
1189 868 1352 916 pauca
1388 851 1537 900 fuisti
1573 852 1757 916 fidelis,
1802 871 1959 918 supra

355 945 523 993 multa
559 946 611 992 te
645 943 992 1000 constituam3
1031 939 1170 986 intra
1207 936 1263 983 in
1300 935 1551 998 gaudium
1587 937 1810 986 Domini
1844 940 1959 987 tui?

357 1028 413 1076 Si
453 1027 569 1090 quis
611 1043 748 1087 uero,
794 1024 931 1088 quod
975 1022 1121 1082 absit,
1165 1019 1327 1084 gradu
1365 1019 1691 1083 episcopatus
1731 1024 1953 1085 accepto,

355 1127 450 1158 nec
493 1110 721 1173 seipsum
763 1126 792 1157 a
829 1107 982 1156 malis
1019 1104 1219 1154 actibus
1254 1103 1388 1151 bene
1424 1102 1668 1165 uiuendo,
1713 1122 1807 1154 nec
1845 1107 1959 1155 sub-

356 1194 520 1241 ditam
553 1192 558 1256 Ι
592 1192 691 1240 sibi
715 1192 922 1254 plebem
948 1187 1248 1251 castigando
1268 1186 1298 1248 4,
1329 1185 1416 1233 uel
1442 1186 1772 1237 admonendo
1809 1191 1958 1238 corri-

354 1294 474 1340 gere
522 1278 701 1336 curat3
753 1275 877 1338 quid
924 1273 1061 1334 huic,
1107 1269 1354 1319 ueniente
1409 1269 1639 1320 Domino
1686 1272 1815 1322 hora
1858 1291 1959 1337 qua

353 1376 460 1407 non
498 1361 679 1422 sperat,
724 1360 1038 1406 euenturum
1076 1356 1155 1417 sit,
1199 1356 1499 1419 euangelica
1532 1355 1814 1404 manifeste
1850 1374 1959 1406 sen-

352 1443 516 1491 tentia
572 1442 806 1503 declarat,
867 1429 968 1504 qua
1022 1439 1212 1489 dicitur
1257 1440 1354 1488 ad⁵
1403 1439 1650 1488 inutilem
1703 1456 1956 1491 seruum:

357 1525 548 1573 ‘Eicite
573 1525 629 1572 in
654 1525 897 1573 tenebras
931 1524 1223 1586 exteriores,
1254 1523 1329 1571 ibi
1363 1523 1458 1572 erit
1492 1523 1648 1571 fletus
1682 1526 1734 1572 et
1766 1524 1958 1574 stridor

352 1608 628 1656 dentium.'

426 1709 467 1753 3.
510 1691 654 1740 Ante
680 1691 857 1740 onmia
882 1693 1030 1740 sane‘³
1045 1693 1165 1739 tuae
1191 1693 1399 1739 sanctae
1418 1690 1725 1754 paternitati
1749 1692 1953 1754 suadeo,

352 1777 412 1823 ut
453 1774 515 1823 ab
555 1775 733 1823 otiosis
781 1777 835 1823 te
878 1774 1399 1836 confabulationibus,
1442 1774 1907 1823 obtrectationibus
1922 1776 1953 1837 ⁷,

353 1859 637 1923 ceterisque
674 1859 883 1921 linguae
919 1858 1204 1906 indomitae
1241 1857 1494 1922 contagiis
1530 1858 1819 1921 pontificali
1856 1859 1960 1922 dig-

352 1941 516 1991 nitate
542 1958 772 1991 coerceas
794 1960 805 2002 ;
844 1941 1041 1990 diuinis
1065 1945 1242 1990 autem
1277 1941 1496 2005 eloquiis
1520 1959 1578 1990 ac
1608 1942 1959 1990 meditationi-

351 2025 449 2073 bus
476 2026 850 2088 scripturarum
885 2024 1122 2088 linguam
1160 2025 1321 2073 simul
1365 2028 1417 2074 et
1446 2028 1684 2074 mentem
1721 2043 1951 2089 occupes,

353 2109 404 2155 et
440 2109 668 2157 maxime
711 2108 945 2170 legendis
987 2109 1127 2158 beati
1164 2110 1319 2157 Pauli
1356 2110 1581 2172 apostoli
1619 2109 1854 2172 epistolis
1893 2111 1957 2159 ad

352 2191 687 2240 Timotheum
715 2209 771 2240 ac
797 2193 1008 2255 Tytum,
1039 2193 1129 2241 sed
1156 2195 1206 2241 et
1243 2193 1416 2242 uerbis
1449 2193 1771 2257 sanctissimi
1793 2211 1957 2257 papae

354 2273 602 2336 Gregorii,
636 2275 825 2337 quibus
862 2276 924 2323 de
958 2277 1069 2324 uita
1102 2276 1263 2324 simul
1293 2280 1345 2326 et
1372 2277 1517 2325 uitiis
1547 2279 1809 2325 rectorum
1844 2277 1954 2326 siue

350 2355 407 2402 in
442 2356 575 2404 libro
615 2357 842 2420 Regulae
885 2358 1180 2419 Pastoralis,
1220 2376 1310 2408 seu
1352 2359 1410 2408 in
1450 2358 1655 2410 omeliis
1695 2360 1957 2425 euangelii

350 2439 580 2488 multum
618 2441 818 2489 curiose
856 2442 1111 2503 disseruit,
1153 2445 1210 2491 ut
1241 2444 1309 2492 sit
1330 2444 1345 2469 8
1383 2461 1552 2493 sermo
1590 2448 1714 2496 tuus
1750 2464 1957 2511 semper

351 2523 633 2585 sapientiae
660 2525 765 2572 sale
782 2526 797 2550 ⁹
824 2526 1077 2587 conditUS,
1106 2527 1422 2576 eminentior
1442 2529 1647 2593 uulgari
1672 2531 1948 2594 locut-ione,

353 2621 407 2652 ac
450 2606 629 2654 diuino
668 2608 870 2656 auditui
909 2609 1116 2672 dignior
1160 2610 1428 2662 elucescat.
1505 2613 1649 2662 Sicut
1692 2615 1837 2663 enim
1878 2615 1952 2663 in-

351 2688 533 2737 decens
571 2693 663 2751 est,
705 2691 748 2739 si
785 2709 908 2741 uasa
944 2692 1120 2741 altaris
1157 2699 1483 2745 sacrosancta
1519 2698 1828 2761 uulgaribus
1864 2717 1957 2747 un·

350 2788 505 2832 quam
536 2773 716 2821 usibus
749 2791 804 2822 ac
841 2775 1037 2824 uilibus
1072 2777 1421 2839 profanentur
1457 2780 1637 2829 officiis
1657 2781 1704 2843 ¹⁰,
1739 2783 1812 2830 ita
1847 2799 1956 2845 per-

350 2870 560 2902 uersum
612 2858 931 2906 omnimodis
979 2876 1036 2907 ac
1085 2860 1340 2909 miserum
1389 2866 1481 2924 est,
1536 2864 1581 2912 si
1640 2865 1685 2913 is
1747 2865 1837 2928 qui
1890 2867 1954 2915 ad

351 2940 695 2988 consecranda
731 2940 788 2989 in
825 2942 978 2990 altari
1018 2943 1281 2992 dominica
1320 2950 1643 2997 sacramenta
1683 2949 1954 2999 ordinatus

404 3086 416 3112 ¹
447 3093 564 3129 certe
587 3091 644 3132 M.
757 3092 771 3113 2
801 3097 918 3134 cont.
941 3108 1061 3145 oper.
1085 3097 1143 3137 M.
1274 3097 1288 3119 ⁸
1318 3101 1363 3138 at
1385 3102 1460 3150 qui
1486 3101 1543 3141 Μ.
1664 3101 1677 3124 ⁴
1706 3103 1868 3143 -cando
1890 3104 1948 3144 H.

347 3153 362 3175 ⁵
391 3157 436 3192 et
458 3155 514 3194 H.
686 3159 701 3182 ⁶
731 3172 838 3198 sane
859 3173 932 3199 om.
962 3161 1020 3200 M.
1182 3161 1197 3184 ⁷
1227 3164 1419 3205 obtract-
1442 3167 1502 3207 H.
1663 3168 1678 3191 ⁸
1707 3170 1767 3209 sit
1787 3183 1862 3211 om.
1887 3169 1945 3210 M.

348 3220 363 3242 ⁹
393 3220 482 3259 sale
504 3234 591 3272 sap.
611 3222 667 3263 M.
840 3224 871 3247 ¹⁰
901 3226 1054 3266 officiis
1073 3241 1146 3268 om.
1173 3229 1231 3270 M.

1988 787 2137 822 Matth.

1985 848 2079 873 xxv.
2102 849 2120 871 2
2128 849 2154 881 1,

1987 899 2038 932 23.

1989 1200 2083 1247 f.89
2102 1201 2136 1236 b.

1989 1285 2040 1322 cf.
2062 1285 2114 1323 ib.

1986 1337 2097 1381 xxiv.
2117 1347 2186 1381 503

1989 1387 2087 1424 Luc.
2109 1386 2178 1422 xii.

1986 1438 2057 1481 463

1988 1487 2139 1523 Matth.

1985 1548 2078 1573 xxv.
2100 1550 2155 1582 30.

1985 2552 2035 2606 cf.
2052 2551 2132 2588 Col.
2150 2552 2201 2587 iv.

1984 2607 2016 2638 Ο.
