2240 3444
346 126 454 178 286
806 119 1072 173 Historia
1111 118 1500 172 Ecclesiastica
1765 125 1870 177 [Lm.
1896 130 1946 166 V.

348 267 666 318 abbatissam
711 281 828 314 eam
875 281 967 326 pro
1017 280 1071 311 se
1119 262 1286 311 facere
1337 261 1674 323 disposuerat,
1729 259 1947 309 tandem

346 351 589 412 obtinuit,
631 350 691 398 ut
738 348 802 397 ad
852 347 1195 410 languentem
1243 345 1477 393 intraret.
1556 343 1786 391 Intrauit
1829 359 1950 406 ergo

346 453 432 484 me
460 451 637 483 secum
674 433 916 481 adsumto
952 430 1017 478 ad
1055 428 1330 491 uirginem,
1364 443 1496 490 quae
1526 426 1723 474 iacebat
1759 426 1943 487 multo,

347 522 406 568 ut
433 517 552 575 dixi,
585 516 760 565 dolore
785 513 1075 574 constricta,
1110 514 1160 560 et
1194 511 1406 560 brachio
1432 510 1490 558 in
1515 511 1726 558 tantum
1760 526 1952 571 grosse·

347 604 536 662 scente,
567 602 627 649 ut
665 597 802 646 nihil
837 596 1079 659 prorsusl
1119 595 1176 643 in
1215 594 1392 643 cubito
1431 592 1670 642 flexionis
1700 593 1949 654 haberet3

354 689 433 744 let
457 685 669 734 adstans
695 680 828 730 dixit
854 679 1142 729 orationem
1168 695 1324 741 super
1353 677 1513 737 illam,
1546 693 1603 724 ac
1637 676 1955 725 benedicens
1984 683 2011 718 f.
2037 695 2095 719 101
2114 685 2152 719 b.

348 785 585 833 egressus
609 767 699 814 est.
778 764 1015 826 Cumque
1039 765 1158 825 post
1184 763 1311 810 haec
1337 762 1464 809 hora
1494 762 1805 823 conpetente
1839 777 1953 809 con·

348 853 638 901 sideremus
662 848 727 897 ad
752 864 1005 902 mensam,
1037 846 1325 895 adueniens
1354 845 1568 908 quidam
1595 844 1843 892 clamauit
1868 861 1954 892 me

348 936 500 995 foras,
535 936 586 982 et
611 932 716 981 ait:
761 929 1065 978 ‘Postulat2
1103 928 1483 992 Quoenburgss’
1511 928 1630 993 (hoc
1666 927 1812 976 enim
1846 930 1954 976 erat

350 1036 545 1067 nomen
572 1011 830 1083 uirginis),
867 1017 952 1063 ‘ut
980 1015 1122 1062 ocius
1152 1012 1459 1076 regrediaris
1492 1012 1556 1060 ad
1583 1011 1733 1060 eam.’
1806 1011 1955 1072 Quod

352 1103 479 1152 dum
495 1102 731 1161 facerem,
754 1099 957 1162 repperi
973 1097 1118 1146 illam
1139 1097 1441 1159 ingrediens
1460 1095 1613 1143 uultu
1634 1094 1948 1150 hilariorem,

352 1189 404 1234 et
453 1185 601 1233 uelut
651 1183 834 1246 sospiti
882 1182 1127 1231 similem.
1205 1181 1275 1228 Et
1333 1179 1460 1227 dum
1516 1178 1808 1227 adsiderem
1855 1178 1950 1241 illi,

352 1269 520 1318 dixit:
564 1267 690 1315 ‘Uis
725 1268 966 1329 petamus
1002 1264 1250 1313 bibere?'
1322 1264 1397 1311 At
1447 1275 1569 1325 ego:
1629 1262 1834 1324 ‘Uolo,’
1884 1262 1957 1310 in-

353 1369 523 1415 quam,
563 1351 641 1398 ‘et
666 1350 900 1398 multum
926 1349 1165 1408 delector,
1196 1346 1240 1394 si
1263 1346 1445 1409 potes.’
1519 1346 1757 1408 Cumque
1783 1345 1958 1394 oblato

354 1435 538 1499 poculo
574 1434 873 1482 biberemus
905 1432 1075 1492 ambo,
1115 1429 1284 1492 coepit
1320 1428 1455 1477 mihi
1489 1428 1668 1490 dicere,
1701 1431 1823 1492 quia
1866 1429 1959 1477 ‘ex

355 1536 458 1582 quo
485 1518 759 1581 episcopus
785 1515 1018 1564 oratione
1043 1531 1135 1577 pro
1155 1531 1240 1561 me
1267 1515 1317 1561 et
1337 1511 1701 1560 benedictione
1721 1512 1961 1575 conpleta

355 1618 592 1666 egressus
616 1602 707 1661 est,
733 1599 914 1648 statim
933 1598 1124 1646 melius
1148 1597 1338 1646 habere
1356 1595 1547 1658 incipio
1569 1614 1579 1653 ;
1618 1595 1717 1643 etsi
1734 1597 1962 1645 necdum

356 1686 494 1734 uires
511 1683 760 1747 pristinas
780 1681 948 1744 recepi
964 1684 993 1742 ⁴,
1017 1681 1165 1729 dolor
1183 1682 1362 1728 tamen
1383 1679 1555 1727 omnis
1575 1680 1626 1726 et
1646 1679 1708 1726 de
1728 1678 1954 1739 brachio,

356 1769 446 1817 ubi
494 1767 755 1815 ardentior
799 1765 980 1825 inerat,
1027 1765 1078 1812 et
1118 1764 1181 1812 de
1227 1766 1340 1812 toto
1379 1780 1497 1811 meo
1541 1779 1765 1825 corpore,
1811 1762 1959 1810 uelut

356 1853 468 1915 ipso
507 1850 745 1913 episcopo
785 1848 923 1896 foras
967 1864 1088 1895 eum
1122 1849 1441 1910 exportante,
1480 1846 1722 1894 funditus
1759 1846 1963 1894 ablatus

356 1939 449 1997 est,
497 1932 709 1983 tametsi
749 1934 927 1980 tumor
968 1931 1137 1979 adhuc
1180 1930 1377 1979 brachii
1419 1947 1632 1978 manere
1680 1930 1893 1978 uidetur
1910 1930 1962 1979 5.’

356 2017 693 2068 Abeuntibus
753 2017 931 2063 autem
990 2014 1143 2062 nobis
1206 2014 1343 2075 inde,
1410 2014 1661 2062 continuo
1720 2014 1963 2077 fugatum

358 2101 590 2150 dolorem
632 2099 991 2146 membrorum
1033 2098 1157 2160 fuga
1201 2114 1406 2159 quoque
1449 2096 1674 2144 tumoris
1715 2096 1965 2144 horrendi

362 2186 536 2232 secuta
566 2185 644 2231 est
671 2201 681 2243 3
720 2184 771 2230 et
807 2184 984 2243 erepta
1015 2180 1178 2229 morti
1203 2197 1260 2228 ac
1295 2179 1560 2228 doloribus
1590 2180 1751 2242 uirgo,
1783 2180 1964 2229 laudes

361 2267 589 2316 Domino
635 2264 924 2313 Saluatori6
973 2281 1077 2313 una
1126 2281 1246 2312 cum
1295 2263 1490 2324 ceteriS,
1541 2263 1630 2326 qui
1679 2263 1754 2310 ibi
1796 2267 1957 2323 erant,

362 2350 527 2399 seruis
552 2350 695 2397 illius
720 2348 1006 2396 referebat.'

1018 2539 1170 2589 OAP.
1215 2539 1306 2589 IV.

561 2670 606 2705 Ut
622 2669 822 2714 coniuqem
842 2668 990 2703 comitis
1011 2667 1214 2711 infirmam
1234 2677 1338 2712 aqua
1361 2668 1553 2704 benedicta
1571 2670 1781 2705 cmrauerz't.

433 2770 616 2816 ALIUD
653 2783 858 2829 quoque
889 2782 997 2813 non
1031 2765 1263 2814 multum
1300 2765 1423 2814 huic
1459 2766 1713 2814 dissimile
1751 2767 1968 2815 miracu-

366 2853 478 2900 lum
505 2851 567 2898 de
592 2850 818 2912 praefato
853 2848 1088 2897 antistite
1121 2849 1355 2897 narrauit
1385 2849 1528 2898 idem
1559 2850 1729 2911 abbas,
1762 2850 1967 2900 dicens:

373 2935 544 2984 ‘Uilla
585 2936 691 2981 erat
732 2933 938 2981 comitis
979 2932 1261 2993 cuiusdam,
1311 2933 1402 2995 qui
1445 2934 1762 2983 uocabatur⁷
1799 2935 1961 2995 Puch,

424 3061 435 3083 ¹
468 3074 660 3112 prorsus,
685 3065 811 3099 added
826 3064 935 3100 below
956 3065 1014 3099 the
1034 3064 1111 3100 line
1136 3061 1191 3100 M.
1274 3059 1289 3082 ²
1318 3062 1451 3101 -lauit
1470 3062 1514 3101 C.
1540 3063 1594 3102 D.
1616 3062 1688 3102 &c.
1765 3061 1778 3083 3
1809 3063 1967 3112 quoin-

369 3128 405 3166 B
426 3141 435 3176 3
465 3140 591 3166 coen·
612 3128 670 3175 Hl
696 3141 704 3176 ;
726 3140 902 3177 quoque
921 3128 1086 3177 iuburg
1106 3127 1156 3166 N.
1259 3127 1272 3148 ⁴
1301 3129 1439 3178 recipi
1463 3128 1518 3167 M.
1610 3128 1624 3150 ⁵
1653 3128 1887 3167 uideretur
1909 3128 1965 3168 M.

367 3195 382 3217 ὓ
412 3195 476 3231 -ni
501 3195 582 3232 -ris
603 3194 653 3232 N.
770 3192 784 3214 ⁷
815 3196 1004 3232 uocatur
1026 3193 1070 3232 C.
1099 3193 1151 3232 D.
