2240 3444
52 540 130 575 His
148 540 267 574 devo·

50 590 142 624 tion
161 588 314 633 during

53 639 121 675 his
140 639 247 676 sick-

54 700 157 726 ness.

81 2298 179 2335 Last
197 2297 300 2332 fare-

82 2349 176 2384 well
195 2348 239 2381 of

83 2397 287 2434 Benedic‘c

83 2449 167 2483 and
187 2448 273 2492 Sig-

84 2498 178 2535 frid.

338 129 446 182 376
832 124 1097 180 Historia
1135 123 1428 178 Abbatum

340 277 595 340 parenteS,
650 291 806 338 quem
842 274 1077 338 primum
1118 276 1270 338 partu
1311 271 1557 331 fuderint,
1601 286 1722 319 eum
1758 268 1944 333 princi·

338 359 485 423 pium
519 359 804 407 liberorum
838 374 1054 407 suorum
1087 373 1406 421 cognoscere,
1438 356 1490 404 et
1514 353 1727 403 caeteris
1755 353 1812 401 in
1836 370 1945 417 par·

341 443 518 491 tienda
543 459 636 491 sua
659 442 950 491 hereditate
974 441 1374 504 praeferendum
1400 439 1588 487 ducere
1614 437 1820 486 solent.’

417 542 490 575 12.
534 526 715 589 Neque
751 525 850 573 hoc
884 524 1223 585 reticendum,
1266 523 1404 586 quod
1441 520 1755 569 uenerabilis
1791 519 1950 568 abbas

344 610 661 659 Benedictus
686 609 749 657 ad
770 608 1171 671 temperandum
1190 622 1310 668 sepe
1335 605 1520 668 longae
1545 604 1715 653 noctis
1732 604 1949 661 tedium,

346 711 503 758 quam
565 710 686 755 prae
745 692 1073 740 infirmitatis
1139 706 1294 739 onere
1352 688 1572 737 ducebat
1631 688 1946 748 insomnem,

346 778 596 827 aduocato
649 777 848 836 lectore,
902 775 990 823 uel
1043 772 1311 836 exemplar
1363 772 1649 836 patientiae
1697 771 1809 833 Iob,
1867 769 1952 819 uel

347 861 490 910 aliud
539 860 664 923 quid
713 860 1087 922 scripturarum
1137 874 1237 919 quo
1286 856 1646 905 consolaretur
1692 857 1948 918 aegrotus,

351 962 453 1008 quo
481 944 754 1006 depressus
786 943 843 990 in
876 941 1075 989 infimis
1104 940 1339 989 uiuacius
1372 940 1437 988 ad
1472 956 1700 1002 superna
1737 938 1955 1002 erigere-

349 1027 484 1088 tur¹,
528 1043 699 1075 coram
742 1043 796 1074 se
832 1024 1036 1073 recitari
1072 1024 1284 1072 iubebat
1301 1023 1332 1073 ².
1407 1023 1477 1072 Et
1504 1023 1625 1086 quia
1651 1022 1957 1071 nullatenus

352 1113 416 1161 ad
454 1111 709 1159 orandum
741 1125 962 1172 surgere,
995 1125 1103 1156 non
1137 1107 1289 1156 facile
1318 1107 1383 1156 ad
1418 1107 1737 1170 explendum
1774 1104 1958 1154 solitae

352 1194 668 1259 psalmodiae
705 1209 915 1241 cursum
956 1192 1195 1254 linguam
1232 1208 1482 1239 uocemue
1520 1192 1722 1253 pot-erat
1763 1189 1954 1250 leuare,

354 1277 535 1327 didicit
585 1277 666 1325 uir
712 1277 957 1338 prudens,
1000 1276 1220 1323 affectu3
1269 1274 1538 1338 religionis
1575 1275 1819 1335 dictante,
1862 1288 1955 1335 per

355 1362 588 1425 singulas
639 1360 856 1409 diurnae
905 1359 1016 1408 siue
1056 1361 1341 1408 nocturnae
1388 1358 1637 1407 orationis
1674 1358 1830 1421 horas
1871 1355 1960 1405 ali-

356 1462 484 1508 quos
519 1445 584 1493 ad
621 1460 675 1492 se
704 1444 927 1492 fratrum
963 1460 1158 1504 uocare,
1191 1442 1383 1506 quibus
1418 1441 1650 1505 psalmos
1686 1441 1962 1489 consuetos

357 1529 557 1578 duobus
595 1528 652 1575 in
697 1527 866 1575 choris
902 1526 1284 1585 resonantibus,
1327 1528 1379 1574 et
1420 1526 1531 1589 ipse
1570 1542 1692 1574 cum
1734 1526 1809 1574 eis
1845 1541 1962 1587 qua-

358 1617 513 1662 tenus
537 1613 740 1674 poterat
765 1610 1050 1673 psallendo,
1077 1611 1214 1673 quod
1239 1627 1332 1674 per
1356 1627 1411 1659 se
1437 1610 1610 1658 solum
1634 1608 1957 1672 nequiuerat,

360 1713 540 1746 eorum
565 1694 835 1743 iuuamine
860 1694 1139 1758 suppleret.

434 1796 508 1841 13.
551 1780 626 1827 At
662 1777 753 1826 ubi
788 1782 988 1839 uterque
1024 1778 1183 1827 abbas
1225 1777 1481 1827 lassatus4
1526 1778 1819 1839 infirmitate
1860 1774 1968 1824 diu-

361 1862 484 1923 tina,
516 1861 620 1909 iam
658 1877 713 1908 se
747 1860 906 1908 morti
939 1858 943 1921 Ι
977 1860 1226 1921 uicinum,
1259 1878 1354 1909 nec
1390 1861 1617 1925 regendo
1648 1858 1968 1908 monasterio

364 1947 613 1994 idoneum
661 1944 771 1992 fore
819 1944 1123 2006 conspexit;
1183 1946 1330 1993 tanta
1377 1961 1605 2007 namque
1654 1960 1743 1991 eos
1796 1941 1969 1991 affecit

366 2028 647 2078 infirmitas
685 2028 865 2089 carnis,
903 2030 963 2076 ut
998 2028 1337 2090 perficeretur
1374 2028 1431 2076 in
1458 2028 1533 2076 eis
1558 2027 1728 2076 uirtus
1753 2025 1965 2087 Christi,

369 2116 428 2162 ut
467 2130 586 2160 cum
630 2113 854 2173 quadam
904 2111 985 2159 die
1029 2112 1481 2160 desiderantibus5
1522 2111 1596 2159 eis
1633 2128 1687 2159 se
1722 2110 1965 2171 inuicem,

368 2198 671 2261 priusquam
698 2195 761 2243 de
785 2195 883 2243 hoc
914 2196 1117 2243 saeculo
1149 2196 1449 2258 migrarent,
1480 2195 1657 2244 uidere
1682 2197 1733 2242 et
1758 2193 1969 2257 alloqui,

375 2281 633 2343 Sigfridus
676 2280 733 2327 in
775 2279 965 2327 feretro
1015 2279 1375 2341 deportaretur
1411 2280 1475 2328 ad
1514 2278 1829 2339 cubiculum,
1883 2276 1976 2324 ubi

376 2363 691 2413 Benedictus
727 2364 777 2410 et
810 2362 921 2424 ipse
959 2379 1051 2411 suo
1088 2362 1283 2411 iacebat
1316 2363 1374 2411 in
1408 2363 1633 2425 grabato,
1666 2362 1839 2424 eisque
1871 2376 1977 2408 uno

376 2448 431 2496 in
457 2447 568 2495 loco
594 2445 958 2494 ministrorum
984 2463 1146 2494 manu
1172 2446 1467 2509 conpositis,
1499 2446 1680 2507 caput6
1704 2444 1978 2507 utriusque

376 2533 431 2581 in
480 2531 661 2578 eodem
709 2529 945 2579 ceruicali
986 2530 1253 2591 locaretur,
1307 2528 1619 2578 lacrimabili
1666 2527 1972 2591 spectaculo,

378 2634 471 2665 nec
497 2617 704 2664 tantum
730 2615 955 2663 habuere
981 2614 1192 2675 uirium,
1233 2615 1293 2662 ut
1324 2614 1565 2677 proprius
1593 2612 1762 2677 posita
1794 2628 1882 2660 ora
1914 2610 1978 2660 ad

379 2699 718 2748 osculandum
768 2714 822 2745 se
870 2698 1181 2745 alterutrum
1229 2697 1545 2761 coniungere
1602 2697 1831 2759 possent,
1891 2695 1981 2743 sed

381 2785 431 2831 et
463 2783 559 2830 hoc
595 2783 824 2830 fraterno
861 2781 1242 2844 conpleuerunt
1272 2780 1469 2842 officio;
1506 2781 1655 2829 inito?
1690 2779 1983 2828 Benedictus

381 2881 491 2914 cum
537 2882 610 2925 e0,
653 2881 876 2927 cumque
922 2864 1184 2913 uniuersis
1220 2864 1474 2926 fratribus
1520 2862 1718 2911 salubri
1765 2862 1978 2922 consilae,

381 2948 530 2997 acciit
588 2948 828 2996 abbatem
883 2947 1196 3009 Ccolfridum,
1252 2964 1411 3011 quem
1469 2945 1785 2995 monasterio
1843 2943 1984 2994 beati

444 3088 451 3108 ¹
484 3089 681 3138 erigetur
702 3087 777 3136 H„
799 3086 865 3126 A1.
995 3086 1009 3108 2
1038 3086 1222 3125 uidebat
1243 3087 1294 3125 B.
1425 3085 1439 3106 ³
1468 3088 1587 3126 -tum
1609 3087 1688 3139 Hl.
1820 3083 1835 3106 ‘²
1865 3097 1982 3123 assa-

386 3157 459 3193 tus
480 3151 544 3192 N.
679 3155 693 3177 ⁵
725 3156 866 3192 ·ratus
887 3153 947 3202 Hl
965 3166 975 3202 ;
1004 3155 1198 3193 -rassent
1219 3158 1267 3204 Δ,
1292 3155 1470 3201 omittiny
1488 3153 1564 3193 eis.
1698 3151 1713 3173 ⁶
1742 3151 1887 3202 capud
1909 3150 1984 3200 H„

383 3219 396 3240 ⁷
431 3221 545 3259 inito
566 3231 667 3269 ergo
690 3224 738 3258 Δ.

1996 1868 2023 1905 f.
2049 1879 2086 1914 ¹5
2103 1879 2141 1903 a.

1999 2035 2050 2072 cf.
2072 2046 2090 2068 2
2111 2034 2198 2070 Cor.

1998 2098 2070 2122 xu-
2093 2097 2127 2130 9.

2011 2793 2121 2829 Hist.

2013 2844 2150 2930 panon.
2169 2842 2191 2888 ἓ
