2240 3444
286 159 384 200 Cn.
405 154 476 207 V.]
794 142 984 198 Gentis
1023 142 1362 211 Angylorum.
1802 143 1868 193 91

282 291 475 338 mentis
507 289 728 349 uesania,
760 291 810 336 et
846 288 1059 350 spiritus
1096 287 1341 335 inmundi
1378 286 1644 334 inuasione
1681 304 1873 349 preme-

281 373 444 422 batur.

349 455 515 503 Auxit
540 457 713 502 autem
740 452 1019 515 procellam
1052 452 1267 500 huiusce
1290 450 1692 513 perturbationis
1717 451 1874 499 etiam
1905 463 1987 497 and
2009 462 2145 497 Essox.

282 553 421 584 mors
469 534 727 584 Saberctil
767 535 904 597 regis
946 534 1292 583 Orientalium
1334 534 1613 594 Saxonum,
1658 533 1747 595 qui
1785 534 1874 580 ubi

280 635 437 681 regna
470 618 714 681 perennia
738 619 920 680 petens
952 620 1058 665 tres
1095 633 1215 664 suos
1250 616 1397 676 filios,
1431 615 1519 677 qui
1553 615 1740 678 pagani
1771 632 1878 676 per·

281 702 604 760 durauerant,
628 699 774 762 regni
797 699 1098 761 temporalis
1118 698 1333 746 heredes
1352 697 1576 759 reliquit,
1599 699 1877 759 coeperunt

278 783 359 831 illi
406 799 528 829 mox
564 780 844 842 idolatriae,
902 797 1072 843 quarn,
1114 780 1329 828 uiuente
1374 796 1445 840 eo,
1489 778 1877 841 aliquantulum

278 862 621 911 intermisisse
668 863 994 923 uidebantur,
1049 862 1221 924 palam
1270 861 1476 922 seruire,
1533 860 1877 922 subiectisque

277 946 484 1007 populis
507 946 644 994 idola
670 946 871 993 colendi
895 945 1112 993 liberam
1139 945 1258 992 dare
1284 944 1562 992 licentiam.
1641 944 1876 1004 Cumque

278 1028 516 1076 uiderent
565 1028 879 1090 pontificem,
922 1028 1193 1076 celebratis
1235 1027 1292 1075 in
1336 1027 1550 1074 ecclesia
1594 1026 1876 1073 missarum

279 1111 581 1171 sollemniis,
637 1109 1034 1158 eucharistiam2
1085 1110 1277 1172 populo
1328 1110 1461 1170 dare,
1518 1109 1768 1168 dicebant,
1818 1110 1876 1155 ut

279 1193 438 1256 uulgo
462 1194 639 1254 fertur,
671 1193 735 1241 ad
773 1210 894 1241 eum
927 1193 1142 1241 barbara
1176 1181 1345 1240 inflati
1375 1192 1632 1240 stultitia:
1676 1191 1876 1251 ‘Quare

280 1291 389 1322 non
426 1277 476 1323 et
513 1276 663 1324 nobis
700 1276 919 1338 porrigis
955 1292 1144 1337 panem
1177 1274 1419 1334 nitidum,
1461 1290 1617 1336 quem
1655 1276 1705 1321 et
1741 1272 1877 1335 patri

282 1361 460 1407 nostro
501 1359 631 1407 Saba
647 1360 697 1420 3,’
732 1358 802 1406 sic
840 1375 1067 1424 namque
1097 1375 1217 1405 eum
1253 1357 1513 1419 appellare
1550 1359 1871 1415 consuerant,

288 1439 485 1503 ‘dabas,
517 1443 567 1489 et
592 1441 783 1503 populo
808 1441 976 1489 adhuc
1001 1441 1119 1488 dare
1144 1440 1199 1487 in
1226 1439 1432 1487 ecclesia
1468 1456 1575 1486 non
1601 1438 1806 1486 desistis
1822 1440 1847 1486 ‘?
1866 1439 1876 1456 ’

284 1523 483 1584 Quibus
529 1525 620 1572 ille
661 1523 1036 1586 respondebat:
1091 1522 1174 1571 ‘Si
1216 1522 1379 1570 uultis
1421 1521 1564 1570 ablui
1605 1521 1749 1569 fonte
1785 1521 1876 1568 1110

281 1607 504 1668 salutari,
551 1624 652 1669 quo
688 1609 833 1669 pater
869 1608 1042 1654 uester
1082 1605 1291 1653 ablutus
1328 1606 1419 1665 est,
1462 1604 1678 1666 potestis
1715 1604 1873 1651 etiam

278 1690 429 1752 panis
465 1690 642 1750 sancti,
675 1689 758 1737 cui
794 1689 883 1736 ille
907 1688 1258 1751 participabat,
1302 1704 1412 1735 esse
1446 1687 1752 1749 participes;
1791 1687 1873 1734 sin

277 1775 454 1820 autem
491 1773 756 1820 lauacrum
793 1772 932 1819 uitae
966 1770 1315 1830 contemnitis,
1358 1769 1660 1817 nullatenus
1690 1769 1876 1817 ualetis

278 1872 469 1917 panem
494 1856 630 1902 uitae
656 1854 950 1917 percipere.'
1009 1855 1083 1902 At
1108 1853 1187 1901 illi
1208 1872 1218 1902 ε
1263 1853 1584 1913 ‘Nolumus,’
1609 1852 1870 1913 inquiunt,

29 1942 55 1981 f.
74 1957 112 1990 31
135 1946 170 1981 b·
286 1938 512 1986 ‘fontem
544 1938 697 1985 illum
731 1938 936 1997 intrare,
969 1937 1088 1999 quia
1121 1953 1214 1984 nec
1248 1952 1377 1998 opus
1401 1935 1493 1983 illo
1528 1933 1532 2000 Ι
1566 1951 1660 1982 nos
1685 1935 1875 1982 habere

278 2021 538 2082 nouimus,
566 2021 654 2068 sed
679 2023 857 2068 tamen
876 2037 1009 2082 pane
1028 2020 1120 2067 illo
1139 2019 1279 2066 refici
1298 2019 1578 2066 uolumus.'
1640 2017 1875 2080 Oumque

278 2104 557 2166 diligenter
580 2120 637 2151 ac
664 2120 812 2165 saepe
837 2103 901 2151 ab
931 2103 1021 2150 illo
1056 2104 1231 2150 essent
1262 2101 1519 2150 admoniti
1544 2117 1873 2163 nequaquam

276 2187 349 2235 ita
385 2187 497 2234 fieri
531 2203 694 2249 posse,
734 2189 793 2234 ut
829 2186 1022 2248 absque
1057 2185 1364 2248 purgatione
1401 2186 1720 2232 sacrosancta
1758 2183 1874 2245 quis

277 2269 529 2318 oblationi
595 2271 947 2317 sacrosanctae
1012 2268 1435 2328 communicaret,
1500 2267 1564 2315 ad
1623 2266 1874 2314 ultimum

276 2352 448 2400 furore
487 2352 741 2400 commoti
758 2351 995 2400 aiebant:
1050 2351 1134 2399 ‘Si
1168 2367 1275 2399 non
1305 2350 1386 2398 uis
1423 2349 1685 2397 adsentire
1722 2349 1874 2397 nobis
1905 2359 2090 2394 Mellitus

275 2435 332 2483 in
356 2437 465 2483 tam
489 2434 628 2482 facili
644 2434 661 2458 4
687 2451 849 2495 causa,
882 2451 1040 2496 quam
1064 2434 1305 2495 petimus,
1336 2450 1444 2480 non
1469 2433 1661 2495 poteris
1686 2432 1790 2479 iam
1816 2432 1874 2479 in
1904 2409 2097 2452 expelled.

276 2520 453 2566 nostra
479 2517 746 2580 prouincia
765 2516 1056 2564 demorari.'
1129 2517 1198 2564 Et
1224 2516 1536 2578 expulerunt
1562 2532 1696 2576 eum,
1728 2532 1784 2562 ac
1811 2515 1874 2562 de

277 2616 368 2648 suo
393 2617 551 2662 regno
577 2617 695 2647 cum
721 2599 828 2648 suis
853 2599 994 2647 abire
1018 2599 1296 2647 iusserunt.

347 2671 448 2744 Qui
489 2683 734 2745 expulsus
775 2682 897 2730 inde
927 2682 1082 2730 ⁴uenit
1120 2681 1371 2743 Cantiam,
1401 2683 1717 2730 tractaturus
1754 2696 1873 2727 cum

276 2765 555 2813 Laurentio
616 2768 666 2814 et
726 2766 874 2814 Iusto
936 2764 1261 2827 coepiscopis,
1317 2764 1443 2826 quid
1504 2764 1559 2811 in
1609 2763 1691 2810 his
1739 2764 1873 2809 esset

275 2848 546 2909 agendum.
623 2848 1007 2910 Decretumque
1049 2850 1126 2896 est
1171 2846 1438 2895 communi
1481 2845 1708 2904 consiliO,
1755 2844 1875 2906 quia

276 2929 437 2977 satius
478 2932 623 2991 esset,
667 2933 725 2978 ut
771 2947 953 2978 omnes
1001 2930 1225 2992 patriam
1262 2930 1551 2988 redeuntes,
1594 2927 1757 2974 libera
1797 2926 1873 2974 ibi

275 3014 453 3059 mente
489 3012 716 3061 Domino
753 3013 1086 3074 deseruirent,
1127 3028 1285 3075 quam
1322 3011 1460 3058 inter
1494 3009 1713 3057 rebelles
1749 3008 1874 3056 fidei

329 3120 341 3142 ¹
375 3121 596 3159 saeberhti
618 3121 674 3170 C;
695 3122 895 3160 saebercti
916 3120 984 3161 ΒΞ.
1206 3119 1220 3140 ²
1250 3119 1333 3158 -tia
1351 3119 1409 3158 M.
1620 3118 1635 3141 ³
1665 3118 1782 3156 saeba
1805 3117 1870 3157 B‘2.

274 3185 288 3208 4
318 3186 437 3224 felici
460 3186 505 3225 C.
532 3187 583 3225 D.
