2240 3444
277 163 375 204 Cn.
400 161 492 214 IX.]
781 161 971 219 Gentis
1010 167 1347 238 Anylorum.
1790 187 1857 237 97

272 300 529 348 commodis
547 303 825 354 animarum
844 314 955 359 ante
974 315 1189 365 tribunal
1206 324 1383 369 summi
1400 328 1444 371 ct
1461 330 1653 376 uenturi
1672 330 1708 376 I
1706 332 1859 380 udicis

272 388 600 438 repraesentes.

338 463 472 513 Deus
498 470 540 514 te
565 470 847 522 ‘ineolumem
871 480 1117 541 custode'at,
1150 484 1446 536 dilcctiSse‘mc
1460 490 1632 549 frater.

917 698 1068 749 CAP.
1113 702 1207 751 IX.

269 809 320 844 Dc
340 810 498 854 imperio
518 816 617 859 reye‘s
636 817 813 856 Aecluz'nz'
826 817 851 867 ¹,
875 825 908 858 et
925 827 968 860 ut
986 829 1147 865 ueniens
1161 832 1214 866 ad
1232 835 1584 879 cuanyclizandmn
1604 839 1639 874 εἰ
1658 840 1854 877 Paulinus

340 878 613 921 primofilc'am
633 884 718 919 eius
736 896 824 922 cum
845 889 1045 934 ali‘z'sfidez'
1067 894 1306 934 Christianae
1325 904 1578 939 sacramentis
1596 905 1778 943 imbuerit.

333 986 447 1047 QUO
484 991 713 1053 tempore
749 994 904 1044 etiam
940 1015 1068 1060 gens
1108 1001 1667 1069 Nordanhymbrorum
1682 1012 1711 1074 ²,
1753 1014 1848 1062 hoc
1880 1030 2133 1067 Conversion

261 1071 339 1117 est
365 1086 422 1118 ea
447 1073 586 1120 natio
605 1076 914 1139 Anglorum,
942 1097 1069 1142 quae
1093 1084 1155 1131 ad
1182 1086 1551 1148 Aquilonalem
1571 1093 1812 1145 Humbre
1832 1098 1847 1122 3
1877 1079 2111 1173 {fflfflssffihm

257 1150 490 1201 fluminis
536 1156 739 1220 plagam
786 1160 1065 1222 habitabat,
1109 1183 1228 1216 cum
1276 1187 1395 1233 rege
1441 1190 1535 1222 suo
1572 1177 1848 1228 Aeduino‘*
1877 1179 2085 1215 Paulinus.

82 1244 107 1279 f.
129 1256 168 1290 33
189 1245 223 1281 b.
258 1234 476 1284 uerbum
503 1237 621 1286 fidei
647 1243 975 1301 praedicante
1006 1244 1012 1309 1
1045 1248 1281 1312 Paulino,
1313 1254 1460 1303 cuius
1492 1273 1645 1321 supra
1669 1263 1847 1310 memi-

257 1315 447 1378 nimus,
501 1322 735 1384 suscepit.
825 1326 919 1374 Cui
976 1329 1214 1380 uidelicet
1268 1337 1391 1398 regi,
1444 1338 1501 1387 in
1557 1343 1845 1405 auspicium

257 1402 614 1464 suscipiendae
663 1406 786 1454 fidei
834 1412 884 1458 et
932 1413 1077 1474 regni
1125 1417 1372 1477 caelestis,
1412 1424 1641 1484 potestas
1687 1427 1845 1477 etiam

256 1484 447 1532 terreni
472 1490 700 1536 creuerat
724 1489 928 1553 imperii
950 1513 960 1554 ;
998 1495 1070 1544 ita
1095 1501 1166 1559 ut,
1205 1502 1340 1562 quod
1367 1520 1520 1553 nemo
1546 1508 1843 1570 Anglorum

253 1568 374 1614 ante
400 1584 533 1629 eum,
566 1586 746 1619 omnes
772 1573 1065 1626 Brittaniae
1089 1580 1233 1643 fines,
1265 1601 1365 1646 qua
1389 1588 1474 1635 uel
1499 1588 1729 1651 ipsorum
1755 1593 1841 1642 uel

252 1648 568 1700 Brettonum
607 1655 902 1716 prouinciae
939 1660 1243 1713 habitabant
1259 1666 1287 1727 ⁵,
1336 1668 1434 1717 sub
1476 1671 1678 1722 dicione
1719 1677 1841 1724 acci·

251 1734 395 1793 peret
410 1734 438 1781 ⁶.
540 1735 676 1796 Quin
724 1741 774 1786 et
822 1740 1088 1793 Meuanias
1134 1746 1347 1811 insulas,
1403 1752 1538 1801 sicut
1586 1758 1636 1804 et
1684 1774 1837 1821 supra
1870 1778 2010 1814 power
2027 1781 2072 1814 of

252 1813 534 1878 docuimus,
599 1818 816 1882 imperio
875 1825 1172 1890 subiugauit
1223 1832 1553 1898 Anglorum3
1621 1856 1840 1901 quarum
1870 1829 2028 1865 Edwin.

249 1895 401 1957 prior,
434 1915 562 1960 quae
589 1902 651 1949 ad
677 1906 914 1954 austrum
940 1911 1029 1970 est,
1063 1913 1115 1958 et
1148 1912 1253 1961 situ
1286 1918 1518 1980 amplior,
1551 1922 1602 1968 et
1626 1922 1837 1986 frugum

248 1983 506 2040 prouentu
555 1985 708 2047 atque
761 1987 996 2038 ubertate
1042 1993 1254 2057 felicior,
1309 2004 1692 2063 nongentarum
1742 2006 1837 2056 LX

246 2060 565 2113 familiarum
590 2084 889 2119 mensuram
914 2073 1058 2123 iuxta
1081 2078 1497 2131 aestimationem
1521 2086 1830 2151 Anglorum,

245 2147 470 2195 secunda
493 2150 842 2202 trecentarum
867 2157 919 2203 et
944 2157 1078 2206 ultra
1102 2162 1328 2222 spatium
1352 2167 1510 2216 tenet.

313 2227 452 2277 Huic
500 2234 674 2281 autem
723 2237 867 2297 genti
909 2241 1102 2289 occasio
1149 2244 1250 2293 fuit
1295 2249 1653 2311 percipiendae
1694 2254 1828 2317 fidei,
1866 2268 1941 2325 His
1959 2280 2063 2327 mar-

245 2312 381 2372 quod
405 2315 667 2374 praefatus
692 2334 781 2366 rex
806 2320 919 2369 eius
950 2325 1255 2385 cognatione
1284 2328 1494 2380 iunctus
1525 2336 1603 2382 est
1628 2337 1834 2398 regibus
1864 2321 2096 2414 3555&ssssss

245 2393 654 2461 Cantuariorum,
684 2405 888 2464 accepta
921 2405 976 2452 in
1014 2408 1286 2472 coniugem
1319 2413 1661 2480 Aedilbergae
1681 2419 1698 2444 ⁷
1727 2420 1834 2468 filia
1863 2418 2125 2505 {abffiffigfff

241 2476 560 2527 Aedilbercti
580 2481 595 2505 8
622 2483 768 2545 regis,
811 2503 940 2548 quae
973 2489 1072 2537 alio
1103 2493 1317 2542 nomine
1351 2497 1506 2545 Tatae
1535 2501 1826 2552 uocabatur.
2083 2499 2089 2506 ⁸

240 2560 415 2611 Huius
434 2567 748 2617 consortium
768 2586 888 2619 cum
908 2573 1076 2634 primo
1093 2575 1202 2638 ipse
1221 2578 1395 2627 missis
1412 2580 1427 2604 ⁹
1445 2583 1611 2643 procis
1626 2601 1655 2632 a
1672 2584 1833 2634 fratre

240 2643 350 2692 eius
365 2647 724 2712 Aeodbaldo¹⁰,
741 2653 830 2714 qui
848 2655 974 2702 tunc
992 2673 1150 2719 regno
1168 2659 1563 2713 Cantuariorum
1581 2670 1823 2729 praeerat,

238 2729 471 2790 peteret;
508 2748 813 2794 responsum
848 2739 926 2785 est
960 2755 1067 2786 non
1098 2757 1209 2789 esse
1242 2743 1445 2793 licitum
1480 2747 1828 2798 Christianam

239 2809 496 2871 uirginem
525 2830 725 2876 pagano
758 2817 813 2865 in
847 2821 1121 2883 coniugem
1159 2825 1282 2886 dari,
1316 2843 1381 2874 ne
1413 2828 1541 2877 fides
1577 2833 1629 2878 et
1667 2848 1823 2881 sacra-

236 2894 413 2940 menta
461 2896 695 2945 caelestis
738 2900 872 2962 regis
922 2906 1178 2953 consortio
1224 2909 1624 2970 profanarentur
1672 2914 1820 2977 regis,

290 3024 304 3047 ¹
334 3027 490 3066 eduini
513 3029 557 3069 O.
579 3030 616 3068 B
638 3044 647 3078 ;
677 3032 815 3072 eduni
837 3035 888 3076 N.
1059 3038 1073 3059 ²
1101 3041 1287 3080 norban-
1306 3043 1349 3083 C.
1520 3045 1534 3066 ³
1562 3047 1683 3085 -brae
1705 3048 1751 3087 C.
1772 3049 1821 3089 Β.

235 3089 248 3111 ⁴¹
277 3091 472 3131 eduuine
496 3094 551 3140 C;
583 3096 747 3136 eduine
768 3099 819 3138 B.
988 3102 1003 3124 ⁵
1032 3103 1241 3144 habitant
1264 3107 1320 3146 M.
1481 3107 1495 3129 ⁶
1523 3114 1741 3162 acceperit
1761 3114 1819 3154 M.

230 3154 243 3176 ⁷
279 3169 347 3207 -ge
369 3158 430 3206 B;
459 3161 737 3212 aeoilburgae
760 3164 806 3203 Οι
828 3179 837 3214 ;
869 3179 939 3216 -ga
961 3167 1021 3208 0².
1091 3171 1105 3193 ²³
1133 3172 1423 3212 aeoilberchti
1446 3175 1489 3214 C.
1572 3175 1587 3198 ⁹
1617 3179 1742 3218 misis
1765 3179 1821 3222 M.

236 3218 266 3243 ¹⁰
295 3223 509 3264 eodbaldo
530 3226 607 3271 B¹;
640 3229 854 3269 eadbaldo
877 3232 921 3270 C.
939 3231 1005 3271 B2.

997 3320 1037 3354 H
