2240 3444
363 162 468 212 100
819 154 884 206 H
880 151 1083 207 istoria
1122 144 1512 202 Ecclesiastica
1776 146 1884 199 [Lm.
1905 150 1959 187 11.

76 321 247 377 Victqry
264 318 309 355 of
435 307 547 369 Quo
581 307 816 368 tempore
851 302 1058 350 curatus
1083 315 1112 347 a
1135 296 1354 346 uulnere
1385 291 1486 341 sibi
1510 288 1714 352 pridem
1746 283 1959 342 inflicto,

77 372 340 457 {czwaeegger
365 408 456 439 rex
481 389 694 438 collecto
720 383 947 436 exercitu
971 382 1119 432 uenit
1150 380 1400 428 aduersus
1431 375 1642 438 gentem
1669 367 1968 418 Occidenta-

79 472 247 507 Saxons.
361 475 498 523 'lium
527 474 808 533 Saxonum,
834 487 891 518 30
916 467 1056 517 bello
1076 465 1209 513 inito
1234 461 1523 517 uniuersos,
1556 470 1685 518 quos
1708 453 1765 500 in
1785 466 1966 499 necem

365 575 516 608 suam
533 556 851 619 conspirasse
868 551 1130 608 didicerat,
1146 549 1236 596 aut
1253 543 1448 603 occidit,
1464 542 1554 590 aut
1569 539 1628 586 in
1647 535 1966 586 deditionem

365 641 573 704 recepit.
639 641 824 701 Sicque
847 636 1017 684 uictor
1040 633 1097 681 in
1122 630 1347 694 patriam
1370 639 1622 683 reuersus,
1654 637 1762 668 non
1788 618 1968 667 statim

369 725 375 791 1
414 728 465 774 et
502 723 799 772 inconsulte
836 718 1157 768 sacramenta
1193 712 1318 761 fidei
1351 707 1673 759 Christianae
1710 702 1972 767 percipere
2000 707 2026 744 f.
2050 708 2145 754 3410.

368 802 572 868 uoluit;
612 804 856 870 quamuis
897 819 994 851 nec
1031 798 1185 848 idolis
1227 796 1366 844 ultra
1405 789 1636 849 seruiuit,
1677 804 1741 834 ex
1783 802 1885 848 quo
1919 800 1973 832 se

369 891 578 942 Christo
627 889 948 937 seruiturum
997 900 1106 931 esse
1152 878 1475 944 promiserat.
1555 863 1760 921 Uerum
1802 868 1973 931 primo

370 973 676 1037 diligentius
724 989 786 1020 ex
836 973 1083 1031 tempore,
1143 967 1192 1013 et
1241 963 1305 1011 ab
1353 961 1465 1023 ipso
1521 953 1811 1005 uenerabili
1858 951 1974 1000 uiro

370 1058 595 1108 Paulino
614 1056 872 1105 rationem
892 1052 1017 1102 fidei
1037 1050 1274 1108 ediscere,
1298 1048 1348 1093 et
1369 1059 1489 1092 cum
1516 1040 1626 1089 suis
1644 1035 1970 1101 primatibus,

374 1160 501 1208 quos
547 1140 886 1205 sapientiores
925 1136 1160 1189 nouerat,
1206 1129 1408 1180 curauit
1451 1124 1698 1184 conferre,
1744 1120 1869 1183 quid
1913 1119 1976 1166 de

371 1229 455 1277 his
480 1227 741 1291 agendum
767 1221 1140 1271 arbitrarentur
1159 1216 1189 1265 ¹.
1269 1215 1370 1263 Sed
1414 1212 1465 1259 et
1507 1209 1631 1271 ipse,
1680 1222 1800 1253 cum
1844 1203 1978 1250 esset

373 1313 457 1361 uir
492 1313 683 1360 natura
720 1305 1098 1370 sagacissimus,
1131 1316 1281 1362 saepe
1319 1296 1409 1345 diu
1442 1293 1585 1342 solus
1622 1289 1855 1338 residens
1893 1302 1980 1333 ore

375 1396 586 1459 quidem
633 1393 805 1451 tacito,
861 1390 950 1437 sed
1000 1388 1057 1435 in
1105 1383 1311 1433 intimis
1359 1378 1526 1427 cordis
1579 1374 1750 1423 multa
1802 1386 1979 1419 secum

375 1479 711 1541 conloquens,
757 1474 883 1538 quid
934 1471 1036 1521 sibi
1085 1470 1219 1518 esset
1266 1462 1581 1516 faciendum,
1625 1474 1756 1521 quae
1799 1454 1980 1517 religio

375 1563 630 1612 seruanda
656 1559 922 1609 tractabat.

1047 1763 1201 1814 CAP.
1246 1760 1308 1809 X.

402 1916 450 1952 Ut
462 1925 571 1960 papa
592 1911 819 1957 Bonifatius
839 1908 1003 1945 eundem
1017 1902 1032 1924 2
1050 1913 1174 1950 reyem
1194 1900 1330 1937 missis
1347 1897 1485 1934 litteris
1504 1896 1555 1932 sit
1573 1895 1747 1930 hortatus
1766 1892 1818 1928 ad
1829 1891 1967 1935 fidem.

459 2027 575 2088 QUO
606 2027 843 2086 tempore
880 2014 1253 2068 exhortatorias
1286 2011 1349 2060 ad
1375 2010 1536 2058 fidem
1568 2006 1772 2055 litteras
1803 2020 1833 2052 a
1863 2018 1986 2066 pon-

380 2110 519 2158 tifice
557 2108 693 2157 sedis
727 2103 1036 2168 apostolicae
1073 2096 1340 2147 Bonifatio
1377 2091 1584 2155 accepit,
1628 2103 1850 2152 quarum
1886 2086 1986 2134 ista

379 2195 458 2242 est
483 2193 651 2241 forma
672 2209 683 2240 ε

452 2274 738 2337 Exemplar
781 2269 1033 2334 epistulae
1080 2261 1369 2315 beatissimi
1417 2262 1468 2308 et
1515 2255 1784 2320 apostolici
1823 2270 1986 2316 papae

520 2358 665 2408 urbis
714 2357 980 2404 Romanae
1030 2348 1270 2399 ecclesiae
1310 2341 1565 2394 Bonifatii
1613 2339 1836 2388 directae
1871 2336 1985 2385 uiro

523 2438 746 2502 glorioso
772 2433 1002 2483 AEduino
1028 2429 1141 2492 regi
1165 2426 1465 2490 Anglorum
1480 2420 1508 2471 3.

93 2545 234 2579 Letter
251 2542 297 2577 of
461 2524 577 2572 Uiro
626 2521 828 2582 [florioso
881 2512 1148 2564 Aedniwo‘*
1205 2510 1307 2571 reyz'
1357 2507 1646 2568 Aozylorum,
1700 2500 1988 2560 Bonifatius

94 2594 291 2680 ξζῖᾚῗρθ
310 2595 354 2629 ¹³⁰
386 2608 628 2668 episcopus
653 2617 823 2652 Seruus
846 2613 1097 2648 seruorum
1121 2595 1230 2642 Dei.

455 2691 594 2738 Licet.
629 2700 848 2735 3111111116ιο
887 2679 1169 2730 diuinitatis
1193 2675 1415 2738 potentia
1457 2673 1702 2719 humanae
1739 2667 1991 2716 locutionis

387 2774 558 2835 officiis
583 2768 831 2831 ewplcmccri
855 2781 953 2814 ozon
984 2764 1161 2818 ualeat,
1192 2760 1362 2820 qnippe
1391 2770 1513 2816 quae
1541 2755 1620 2802 sui
1649 2750 1990 2813 maqozitudme

389 2859 459 2905 ita
500 2854 742 2903 inuisibili
785 2855 926 2910 atquc
967 2843 1297 2905 inuestigycaebili
1341 2839 1623 2888 aeternitate
1664 2834 1891 2891 consistit,
1934 2835 1989 2879 ut

389 2942 504 2988 haec
538 2939 675 2986 omna
706 2933 894 2995 ‘domenii
930 2930 1185 2991 sayczcitczs,
1217 2928 1402 2986 wama
1437 2923 1514 2982 sit,
1549 2918 1865 2979 conprendere
1897 2916 1989 2963 dis-

389 3035 632 3082 serereque
657 3019 867 3079 sufficiat
889 3033 903 3074 ,·
942 3014 1059 3075 quia
1078 3016 1242 3060 tamen
1262 3009 1365 3056 cius
1383 3005 1667 3053 leummzitas
1685 3002 1751 3050 ad
1769 3001 1988 3048 insinua-

445 3174 460 3197 ²
491 3174 690 3212 -trentur
711 3170 767 3209 M.
918 3167 933 3190 2
964 3165 1155 3204 eandem
1178 3160 1252 3201 M1.
1275 3158 1341 3199 13¹.
1441 3181 1443 3183 -
1487 3157 1502 3178 ³
1531 3157 1630 3195 uiro
1653 3186 1661 3193 .
1685 3186 1692 3194 .
1716 3185 1725 3194 .
1750 3153 1986 3203 anglorum

389 3254 463 3280 om.
487 3241 532 3279 C.
556 3239 631 3287 H„
653 3239 783 3276 erased
804 3238 848 3273 in
868 3233 937 3272 W.
1052 3229 1067 3253 ⁴
1095 3229 1294 3270 eduuino
1315 3227 1345 3265 C
1369 3239 1378 3274 ;
1409 3224 1576 3263 eduino
1599 3222 1649 3273 B,
1673 3224 1754 3260 and
1774 3233 1813 3259 so
1832 3222 1955 3258 above.
