<?xml version="1.0" encoding="UTF-8"?>
<!DOCTYPE html PUBLIC "-//W3C//DTD XHTML 1.0 Transitional//EN"
    "http://www.w3.org/TR/xhtml1/DTD/xhtml1-transitional.dtd">
<html xmlns="http://www.w3.org/1999/xhtml" xml:lang="en" lang="en">
 <head>
  <title>
</title>
<meta http-equiv="Content-Type" content="text/html;charset=utf-8" />
  <meta name='ocr-system' content='tesseract 3.04.00' />
  <meta name='ocr-capabilities' content='ocr_page ocr_carea ocr_par ocr_line ocrx_word'/>
</head>
<body>
  <div class='ocr_page' id='page_1' title='image "./venerabilisbaeda01bede_0477.png"; bbox 0 0 2240 3444; ppageno 0'>
   <div class='ocr_carea' id='block_1_1' title="bbox 0 2891 3 3444">
    <p class='ocr_par' dir='ltr' id='par_1_1' title="bbox 0 2891 3 3444">
     <span class='ocr_line' id='line_1_1' title="bbox 0 2891 3 3444; baseline 0 0"><span class='ocrx_word' id='word_1_1' title='bbox 0 2891 3 3444; x_wconf 95' lang='lat' dir='ltr'> </span> 
     </span>
    </p>
   </div>
   <div class='ocr_carea' id='block_1_2' title="bbox 10 1275 170 1422">
    <p class='ocr_par' dir='ltr' id='par_1_2' title="bbox 10 1275 170 1422">
     <span class='ocr_line' id='line_1_2' title="bbox 14 1275 170 1311; baseline 0 0"><span class='ocrx_word' id='word_1_2' title='bbox 14 1275 51 1311; x_wconf 62' lang='lat' dir='ltr'>af.</span> <span class='ocrx_word' id='word_1_3' title='bbox 73 1276 170 1311; x_wconf 78' lang='lat' dir='ltr'>Vita</span> 
     </span>
     <span class='ocr_line' id='line_1_3' title="bbox 10 1326 126 1362; baseline -0.009 0"><span class='ocrx_word' id='word_1_4' title='bbox 10 1326 126 1362; x_wconf 66' lang='lat' dir='ltr'>hdb.</span> 
     </span>
     <span class='ocr_line' id='line_1_4' title="bbox 14 1387 110 1422; baseline 0 -11"><span class='ocrx_word' id='word_1_5' title='bbox 14 1387 35 1411; x_wconf 71' lang='lat'>2.</span> <span class='ocrx_word' id='word_1_6' title='bbox 59 1387 110 1422; x_wconf 90' lang='lat'>19.</span> 
     </span>
    </p>
   </div>
   <div class='ocr_carea' id='block_1_3' title="bbox 13 1689 175 1735">
    <p class='ocr_par' dir='ltr' id='par_1_3' title="bbox 13 1689 175 1735">
     <span class='ocr_line' id='line_1_5' title="bbox 13 1689 175 1735; baseline 0.006 -11"><span class='ocrx_word' id='word_1_7' title='bbox 13 1689 49 1724; x_wconf 92' lang='lat' dir='ltr'>b.</span> <span class='ocrx_word' id='word_1_8' title='bbox 73 1700 103 1725; x_wconf 89' lang='lat' dir='ltr'>c.</span> <span class='ocrx_word' id='word_1_9' title='bbox 130 1701 175 1735; x_wconf 90' lang='lat'>¹7·</span> 
     </span>
    </p>
   </div>
   <div class='ocr_carea' id='block_1_4' title="bbox 12 2272 175 2309">
    <p class='ocr_par' dir='ltr' id='par_1_4' title="bbox 12 2272 175 2309">
     <span class='ocr_line' id='line_1_6' title="bbox 12 2272 175 2309; baseline 0 -1"><span class='ocrx_word' id='word_1_10' title='bbox 12 2272 48 2308; x_wconf 92' lang='lat' dir='ltr'>b.</span> <span class='ocrx_word' id='word_1_11' title='bbox 69 2283 101 2309; x_wconf 84' lang='grc'>0.</span> <span class='ocrx_word' id='word_1_12' title='bbox 127 2275 175 2308; x_wconf 85' lang='grc'>18.</span> 
     </span>
    </p>
   </div>
   <div class='ocr_carea' id='block_1_5' title="bbox 11 2851 176 2898">
    <p class='ocr_par' dir='ltr' id='par_1_5' title="bbox 11 2851 176 2898">
     <span class='ocr_line' id='line_1_7' title="bbox 11 2851 176 2898; baseline -0.012 -10"><span class='ocrx_word' id='word_1_13' title='bbox 11 2851 48 2888; x_wconf 86' lang='lat' dir='ltr'>b.</span> <span class='ocrx_word' id='word_1_14' title='bbox 70 2862 102 2888; x_wconf 89' lang='grc'>0.</span> <span class='ocrx_word' id='word_1_15' title='bbox 127 2863 176 2898; x_wconf 88' lang='lat'>19.</span> 
     </span>
    </p>
   </div>
   <div class='ocr_carea' id='block_1_6' title="bbox 247 119 1813 191">
    <p class='ocr_par' dir='ltr' id='par_1_6' title="bbox 247 119 1813 191">
     <span class='ocr_line' id='line_1_8' title="bbox 247 119 1813 191; baseline 0.009 -24"><span class='ocrx_word' id='word_1_16' title='bbox 247 129 346 167; x_wconf 55' lang='lat' dir='ltr'>Cap,</span> <span class='ocrx_word' id='word_1_17' title='bbox 367 128 505 166; x_wconf 85' lang='lat' dir='ltr'>XXVI</span> <span class='ocrx_word' id='word_1_18' title='bbox 525 125 781 178; x_wconf 83' lang='lat' dir='ltr'>[XXV111].]</span> <span class='ocrx_word' id='word_1_19' title='bbox 861 119 1050 173; x_wconf 67' lang='lat' dir='ltr'>Gentis</span> <span class='ocrx_word' id='word_1_20' title='bbox 1090 123 1425 191; x_wconf 64' lang='lat' dir='ltr'>Avgjloruw.</span> <span class='ocrx_word' id='word_1_21' title='bbox 1716 132 1813 181; x_wconf 77' lang='lat'>5271</span> 
     </span>
    </p>
   </div>
   <div class='ocr_carea' id='block_1_7' title="bbox 245 263 1819 395">
    <p class='ocr_par' dir='ltr' id='par_1_7' title="bbox 245 263 1819 395">
     <span class='ocr_line' id='line_1_9' title="bbox 246 263 1819 325; baseline 0.007 -16"><span class='ocrx_word' id='word_1_22' title='bbox 246 263 334 321; x_wconf 73' lang='lat' dir='ltr'>his,</span> <span class='ocrx_word' id='word_1_23' title='bbox 384 277 506 322; x_wconf 79' lang='lat' dir='ltr'>quae</span> <span class='ocrx_word' id='word_1_24' title='bbox 535 263 892 324; x_wconf 60' lang='lat' dir='ltr'>possidebmzffl,</span> <span class='ocrx_word' id='word_1_25' title='bbox 942 268 1128 325; x_wconf 66' lang='lat' dir='ltr'>(zlc&#39;quid</span> <span class='ocrx_word' id='word_1_26' title='bbox 1166 285 1307 315; x_wconf 65' lang='lat' dir='ltr'>secum</span> <span class='ocrx_word' id='word_1_27' title='bbox 1351 287 1446 317; x_wconf 66' lang='lat' dir='ltr'>esse.</span> <span class='ocrx_word' id='word_1_28' title='bbox 1496 274 1685 325; x_wconf 61' lang='lat' dir='ltr'>dimna,</span> <span class='ocrx_word' id='word_1_29' title='bbox 1740 278 1819 320; x_wconf 62' lang='lat' dir='ltr'>ml</span> 
     </span>
     <span class='ocr_line' id='line_1_10' title="bbox 245 343 1059 395; baseline 0.004 -3"><span class='ocrx_word' id='word_1_30' title='bbox 245 348 380 392; x_wconf 69' lang='lat' dir='ltr'>erant</span> <span class='ocrx_word' id='word_1_31' title='bbox 405 343 501 393; x_wconf 69' lang='lat' dir='ltr'>eis2</span> <span class='ocrx_word' id='word_1_32' title='bbox 528 347 693 393; x_wconf 67' lang='lat' dir='ltr'>omma</span> <span class='ocrx_word' id='word_1_33' title='bbox 711 346 726 369; x_wconf 79' lang='lat'>³³</span> <span class='ocrx_word' id='word_1_34' title='bbox 753 348 1059 395; x_wconf 57' lang='lat' dir='ltr'>communia!</span> 
     </span>
    </p>
   </div>
   <div class='ocr_carea' id='block_1_8' title="bbox 681 498 1401 568">
    <p class='ocr_par' dir='ltr' id='par_1_8' title="bbox 681 498 1401 568">
     <span class='ocr_line' id='line_1_11' title="bbox 681 498 1401 568; baseline -0.001 -19"><span class='ocrx_word' id='word_1_35' title='bbox 681 500 835 549; x_wconf 80' lang='lat' dir='ltr'><strong>CAP.</strong></span> <span class='ocrx_word' id='word_1_36' title='bbox 875 501 1057 548; x_wconf 86' lang='lat' dir='ltr'>XXVI</span> <span class='ocrx_word' id='word_1_37' title='bbox 1096 498 1401 568; x_wconf 66' lang='lat' dir='ltr'>[XXVIII]</span> 
     </span>
    </p>
   </div>
   <div class='ocr_carea' id='block_1_9' title="bbox 252 610 1819 724">
    <p class='ocr_par' dir='ltr' id='par_1_9' title="bbox 252 610 1819 724">
     <span class='ocr_line' id='line_1_12' title="bbox 252 610 1819 659; baseline 0.004 -14"><span class='ocrx_word' id='word_1_38' title='bbox 252 610 297 645; x_wconf 76' lang='lat' dir='ltr'>Ut</span> <span class='ocrx_word' id='word_1_39' title='bbox 324 611 424 646; x_wconf 80' lang='lat' dir='ltr'>idem</span> <span class='ocrx_word' id='word_1_40' title='bbox 445 611 487 645; x_wconf 76' lang='lat' dir='ltr'>in</span> <span class='ocrx_word' id='word_1_41' title='bbox 509 612 594 646; x_wconf 73' lang='lat' dir='ltr'>uita</span> <span class='ocrx_word' id='word_1_42' title='bbox 623 613 859 648; x_wconf 74' lang='lat' dir='ltr'>anchoretica</span> <span class='ocrx_word' id='word_1_43' title='bbox 881 611 1071 656; x_wconf 68' lang='lat' dir='ltr'>etsontem</span> <span class='ocrx_word' id='word_1_44' title='bbox 1091 615 1134 648; x_wconf 71' lang='lat' dir='ltr'>(Ic</span> <span class='ocrx_word' id='word_1_45' title='bbox 1162 616 1289 649; x_wconf 73' lang='lat' dir='ltr'>arente</span> <span class='ocrx_word' id='word_1_46' title='bbox 1310 617 1405 649; x_wconf 69' lang='lat' dir='ltr'>nrm</span> <span class='ocrx_word' id='word_1_47' title='bbox 1434 619 1575 649; x_wconf 60' lang='lat' dir='ltr'>oranti«.</span> <span class='ocrx_word' id='word_1_48' title='bbox 1593 620 1769 659; x_wconf 54' lang='lat' dir='ltr'>prmius-m</span> <span class='ocrx_word' id='word_1_49' title='bbox 1783 624 1819 659; x_wconf 66' lang='lat' dir='ltr'>st,</span> 
     </span>
     <span class='ocr_line' id='line_1_13' title="bbox 371 673 1696 724; baseline 0.004 -13"><span class='ocrx_word' id='word_1_50' title='bbox 371 678 404 712; x_wconf 78' lang='lat' dir='ltr'>et</span> <span class='ocrx_word' id='word_1_51' title='bbox 423 678 579 721; x_wconf 67' lang='lat' dir='ltr'>seqetem</span> <span class='ocrx_word' id='word_1_52' title='bbox 594 673 605 694; x_wconf 74' lang='lat'>⁴</span> <span class='ocrx_word' id='word_1_53' title='bbox 628 679 671 713; x_wconf 73' lang='lat' dir='ltr'>cle</span> <span class='ocrx_word' id='word_1_54' title='bbox 692 678 815 713; x_wconf 76' lang='lat' dir='ltr'>labore</span> <span class='ocrx_word' id='word_1_55' title='bbox 836 688 1029 713; x_wconf 72' lang='lat' dir='ltr'>manuum</span> <span class='ocrx_word' id='word_1_56' title='bbox 1049 679 1150 713; x_wconf 74' lang='lat' dir='ltr'>ultra</span> <span class='ocrx_word' id='word_1_57' title='bbox 1172 681 1317 721; x_wconf 70' lang='lat' dir='ltr'>tempus</span> <span class='ocrx_word' id='word_1_58' title='bbox 1338 682 1485 714; x_wconf 62' lang='lat' dir='ltr'>serendi</span> <span class='ocrx_word' id='word_1_59' title='bbox 1507 686 1696 724; x_wconf 52' lang='lat' dir='ltr'>(n-ccpvrit.</span> 
     </span>
    </p>
   </div>
   <div class='ocr_carea' id='block_1_10' title="bbox 238 772 2100 2895">
    <p class='ocr_par' dir='ltr' id='par_1_10' title="bbox 243 772 2100 1167">
     <span class='ocr_line' id='line_1_14' title="bbox 315 772 2046 838; baseline 0.004 -19"><span class='ocrx_word' id='word_1_60' title='bbox 315 772 456 819; x_wconf 79' lang='grc' dir='ltr'>ΕΧῙΝ</span> <span class='ocrx_word' id='word_1_61' title='bbox 498 773 787 821; x_wconf 83' lang='lat' dir='ltr'>Cudberct⁵</span> <span class='ocrx_word' id='word_1_62' title='bbox 826 775 1173 822; x_wconf 77' lang='lat' dir='ltr'>crescentibus</span> <span class='ocrx_word' id='word_1_63' title='bbox 1214 777 1409 823; x_wconf 84' lang='lat' dir='ltr'>meritis</span> <span class='ocrx_word' id='word_1_64' title='bbox 1452 778 1710 838; x_wconf 65' lang='lat' dir='ltr'>religiosae</span> <span class='ocrx_word' id='word_1_65' title='bbox 1752 780 1820 826; x_wconf 85' lang='lat' dir='ltr'>in-</span> <span class='ocrx_word' id='word_1_66' title='bbox 1855 788 2046 820; x_wconf 56' lang='lat' dir='ltr'>‘&#39;mma-rt</span> 
     </span>
     <span class='ocr_line' id='line_1_15' title="bbox 246 837 2100 922; baseline 0.005 -21"><span class='ocrx_word' id='word_1_67' title='bbox 246 855 508 915; x_wconf 91' lang='lat' dir='ltr'>tentionis,</span> <span class='ocrx_word' id='word_1_68' title='bbox 535 855 597 902; x_wconf 90' lang='lat' dir='ltr'>ad</span> <span class='ocrx_word' id='word_1_69' title='bbox 625 856 964 904; x_wconf 88' lang='lat' dir='ltr'>anchoriticae</span> <span class='ocrx_word' id='word_1_70' title='bbox 984 875 1186 919; x_wconf 88' lang='lat' dir='ltr'>quoque</span> <span class='ocrx_word' id='word_1_71' title='bbox 1212 859 1673 919; x_wconf 73' lang='lat' dir='ltr'>contemplationis,</span> <span class='ocrx_word' id='word_1_72' title='bbox 1700 879 1825 922; x_wconf 54' lang='lat' dir='ltr'>qum*</span> <span class='ocrx_word' id='word_1_73' title='bbox 1855 837 2100 918; x_wconf 49' lang='lat' dir='ltr'>J,&#39;}&#39;,‘j.‘,&#39;,¹,¹‚¹,&#39;.}ssff¹¹</span> 
     </span>
     <span class='ocr_line' id='line_1_16' title="bbox 246 936 2055 1017; baseline 0.002 -34"><span class='ocrx_word' id='word_1_74' title='bbox 246 936 488 996; x_wconf 81' lang='lat' dir='ltr'>diximus,</span> <span class='ocrx_word' id='word_1_75' title='bbox 531 938 737 986; x_wconf 91' lang='lat' dir='ltr'>silentia</span> <span class='ocrx_word' id='word_1_76' title='bbox 784 941 975 987; x_wconf 88' lang='lat' dir='ltr'>secreta</span> <span class='ocrx_word' id='word_1_77' title='bbox 1017 940 1266 1001; x_wconf 86' lang='lat' dir='ltr'>peruenit.</span> <span class='ocrx_word' id='word_1_78' title='bbox 1343 941 1538 989; x_wconf 86' lang='lat' dir='ltr'>Uerum</span> <span class='ocrx_word' id='word_1_79' title='bbox 1560 944 1573 965; x_wconf 70' lang='lat'>&#39;³</span> <span class='ocrx_word' id='word_1_80' title='bbox 1612 943 1727 1003; x_wconf 80' lang='lat' dir='ltr'>quia</span> <span class='ocrx_word' id='word_1_81' title='bbox 1765 936 2055 1017; x_wconf 48' lang='lat' dir='ltr'>‘]‘³‘1[¹1.Fri¹i¹¹⁴</span> 
     </span>
     <span class='ocr_line' id='line_1_17' title="bbox 245 1019 1826 1084; baseline 0.004 -18"><span class='ocrx_word' id='word_1_82' title='bbox 245 1019 354 1067; x_wconf 89' lang='lat' dir='ltr'>uita</span> <span class='ocrx_word' id='word_1_83' title='bbox 389 1020 533 1068; x_wconf 90' lang='lat' dir='ltr'>illius</span> <span class='ocrx_word' id='word_1_84' title='bbox 563 1023 614 1068; x_wconf 84' lang='lat' dir='ltr'>et</span> <span class='ocrx_word' id='word_1_85' title='bbox 652 1022 937 1069; x_wconf 86' lang='lat' dir='ltr'>uirtutibus</span> <span class='ocrx_word' id='word_1_86' title='bbox 968 1025 1087 1070; x_wconf 85' lang='lat' dir='ltr'>ante</span> <span class='ocrx_word' id='word_1_87' title='bbox 1119 1039 1283 1069; x_wconf 87' lang='lat' dir='ltr'>annos</span> <span class='ocrx_word' id='word_1_88' title='bbox 1312 1024 1487 1084; x_wconf 85' lang='lat' dir='ltr'>plures</span> <span class='ocrx_word' id='word_1_89' title='bbox 1519 1025 1826 1072; x_wconf 73' lang='lat' dir='ltr'>sufficienter</span> 
     </span>
     <span class='ocr_line' id='line_1_18' title="bbox 243 1102 1817 1167; baseline 0.002 -19"><span class='ocrx_word' id='word_1_90' title='bbox 243 1103 294 1149; x_wconf 87' lang='lat' dir='ltr'>et</span> <span class='ocrx_word' id='word_1_91' title='bbox 320 1102 556 1150; x_wconf 89' lang='lat' dir='ltr'>uersibus</span> <span class='ocrx_word' id='word_1_92' title='bbox 580 1104 808 1164; x_wconf 81' lang='lat' dir='ltr'>heroicis,</span> <span class='ocrx_word' id='word_1_93' title='bbox 836 1107 888 1152; x_wconf 91' lang='lat' dir='ltr'>et</span> <span class='ocrx_word' id='word_1_94' title='bbox 913 1104 1138 1165; x_wconf 80' lang='lat' dir='ltr'>simplici</span> <span class='ocrx_word' id='word_1_95' title='bbox 1165 1105 1391 1152; x_wconf 89' lang='lat' dir='ltr'>oratione</span> <span class='ocrx_word' id='word_1_96' title='bbox 1413 1107 1817 1167; x_wconf 67' lang='lat' dir='ltr'>conscripsimus,</span> 
     </span>
    </p>

    <p class='ocr_par' dir='ltr' id='par_1_11' title="bbox 238 1185 2050 2895">
     <span class='ocr_line' id='line_1_19' title="bbox 246 1185 1822 1251; baseline 0.002 -18"><span class='ocrx_word' id='word_1_97' title='bbox 246 1185 343 1233; x_wconf 97' lang='grc'>1100</span> <span class='ocrx_word' id='word_1_98' title='bbox 374 1187 583 1234; x_wconf 88' lang='lat' dir='ltr'>tantum</span> <span class='ocrx_word' id='word_1_99' title='bbox 613 1187 667 1234; x_wconf 92' lang='lat' dir='ltr'>in</span> <span class='ocrx_word' id='word_1_100' title='bbox 701 1187 957 1248; x_wconf 75' lang='lat' dir='ltr'>praesenti</span> <span class='ocrx_word' id='word_1_101' title='bbox 993 1203 1396 1234; x_wconf 87' lang='lat' dir='ltr'>commemorare</span> <span class='ocrx_word' id='word_1_102' title='bbox 1427 1189 1548 1235; x_wconf 89' lang='lat' dir='ltr'>satis</span> <span class='ocrx_word' id='word_1_103' title='bbox 1581 1189 1658 1247; x_wconf 83' lang='lat' dir='ltr'>sit,</span> <span class='ocrx_word' id='word_1_104' title='bbox 1690 1191 1822 1251; x_wconf 84' lang='lat' dir='ltr'>quod</span> 
     </span>
     <span class='ocr_line' id='line_1_20' title="bbox 245 1268 1822 1331; baseline 0.002 -16"><span class='ocrx_word' id='word_1_105' title='bbox 245 1268 480 1316; x_wconf 78' lang='lat' dir='ltr'>aditurus</span> <span class='ocrx_word' id='word_1_106' title='bbox 503 1269 731 1317; x_wconf 90' lang='lat' dir='ltr'>insulam</span> <span class='ocrx_word' id='word_1_107' title='bbox 756 1271 1071 1331; x_wconf 83' lang='lat' dir='ltr'>protestatus</span> <span class='ocrx_word' id='word_1_108' title='bbox 1101 1272 1177 1316; x_wconf 87' lang='lat' dir='ltr'>est</span> <span class='ocrx_word' id='word_1_109' title='bbox 1207 1269 1464 1324; x_wconf 88' lang='lat' dir='ltr'>fratribus,</span> <span class='ocrx_word' id='word_1_110' title='bbox 1496 1271 1697 1320; x_wconf 81' lang='lat' dir='ltr'>dicens:</span> <span class='ocrx_word' id='word_1_111' title='bbox 1742 1273 1822 1319; x_wconf 80' lang='lat' dir='ltr'>‘si</span> 
     </span>
     <span class='ocr_line' id='line_1_21' title="bbox 243 1350 1823 1415; baseline 0.003 -18"><span class='ocrx_word' id='word_1_112' title='bbox 243 1350 376 1398; x_wconf 90' lang='lat' dir='ltr'>mihi</span> <span class='ocrx_word' id='word_1_113' title='bbox 412 1352 590 1400; x_wconf 89' lang='lat' dir='ltr'>diuina</span> <span class='ocrx_word' id='word_1_114' title='bbox 625 1352 787 1414; x_wconf 88' lang='lat' dir='ltr'>gratia</span> <span class='ocrx_word' id='word_1_115' title='bbox 815 1352 870 1399; x_wconf 91' lang='lat' dir='ltr'>in</span> <span class='ocrx_word' id='word_1_116' title='bbox 903 1352 1013 1399; x_wconf 90' lang='lat' dir='ltr'>loco</span> <span class='ocrx_word' id='word_1_117' title='bbox 1048 1351 1137 1398; x_wconf 91' lang='lat' dir='ltr'>illo</span> <span class='ocrx_word' id='word_1_118' title='bbox 1167 1352 1449 1413; x_wconf 87' lang='lat' dir='ltr'>donauerit,</span> <span class='ocrx_word' id='word_1_119' title='bbox 1482 1355 1539 1400; x_wconf 90' lang='lat' dir='ltr'>ut</span> <span class='ocrx_word' id='word_1_120' title='bbox 1577 1354 1638 1400; x_wconf 87' lang='lat' dir='ltr'>de</span> <span class='ocrx_word' id='word_1_121' title='bbox 1674 1370 1823 1415; x_wconf 83' lang='lat' dir='ltr'>opere</span> 
     </span>
     <span class='ocr_line' id='line_1_22' title="bbox 243 1434 1824 1496; baseline 0.001 -15"><span class='ocrx_word' id='word_1_122' title='bbox 243 1451 498 1482; x_wconf 90' lang='lat' dir='ltr'>manuum</span> <span class='ocrx_word' id='word_1_123' title='bbox 534 1452 770 1483; x_wconf 85' lang='lat' dir='ltr'>mearum</span> <span class='ocrx_word' id='word_1_124' title='bbox 807 1436 983 1483; x_wconf 89' lang='lat' dir='ltr'>uiuere</span> <span class='ocrx_word' id='word_1_125' title='bbox 1019 1451 1219 1495; x_wconf 83' lang='lat' dir='ltr'>queam,</span> <span class='ocrx_word' id='word_1_126' title='bbox 1246 1434 1413 1481; x_wconf 89' lang='lat' dir='ltr'>libens</span> <span class='ocrx_word' id='word_1_127' title='bbox 1449 1435 1518 1482; x_wconf 84' lang='lat' dir='ltr'>ibi</span> <span class='ocrx_word' id='word_1_128' title='bbox 1553 1437 1824 1496; x_wconf 80' lang='lat' dir='ltr'>morabor3</span> 
     </span>
     <span class='ocr_line' id='line_1_23' title="bbox 244 1517 1824 1579; baseline 0.001 -15"><span class='ocrx_word' id='word_1_129' title='bbox 244 1518 325 1564; x_wconf 88' lang='lat' dir='ltr'>sin</span> <span class='ocrx_word' id='word_1_130' title='bbox 351 1518 488 1579; x_wconf 81' lang='lat' dir='ltr'>aliaS,</span> <span class='ocrx_word' id='word_1_131' title='bbox 518 1519 582 1567; x_wconf 92' lang='lat' dir='ltr'>ad</span> <span class='ocrx_word' id='word_1_132' title='bbox 608 1535 701 1566; x_wconf 87' lang='lat' dir='ltr'>uos</span> <span class='ocrx_word' id='word_1_133' title='bbox 730 1518 978 1566; x_wconf 87' lang='lat' dir='ltr'>citissime</span> <span class='ocrx_word' id='word_1_134' title='bbox 1004 1518 1112 1565; x_wconf 91' lang='lat' dir='ltr'>Deo</span> <span class='ocrx_word' id='word_1_135' title='bbox 1138 1517 1346 1564; x_wconf 90' lang='lat' dir='ltr'>uolente</span> <span class='ocrx_word' id='word_1_136' title='bbox 1373 1519 1631 1565; x_wconf 87' lang='lat' dir='ltr'>reuertar.’</span> <span class='ocrx_word' id='word_1_137' title='bbox 1704 1519 1824 1566; x_wconf 86' lang='lat' dir='ltr'>Erat</span> 
     </span>
     <span class='ocr_line' id='line_1_24' title="bbox 243 1600 1817 1664; baseline 0.001 -17"><span class='ocrx_word' id='word_1_138' title='bbox 243 1602 418 1648; x_wconf 89' lang='lat' dir='ltr'>autem</span> <span class='ocrx_word' id='word_1_139' title='bbox 444 1601 587 1649; x_wconf 89' lang='lat' dir='ltr'>locus</span> <span class='ocrx_word' id='word_1_140' title='bbox 612 1604 663 1649; x_wconf 86' lang='lat' dir='ltr'>et</span> <span class='ocrx_word' id='word_1_141' title='bbox 689 1618 849 1664; x_wconf 88' lang='lat' dir='ltr'>aquae</span> <span class='ocrx_word' id='word_1_142' title='bbox 869 1616 1077 1663; x_wconf 88' lang='lat' dir='ltr'>prorsus</span> <span class='ocrx_word' id='word_1_143' title='bbox 1102 1601 1152 1647; x_wconf 88' lang='lat' dir='ltr'>et</span> <span class='ocrx_word' id='word_1_144' title='bbox 1176 1600 1338 1662; x_wconf 84' lang='lat' dir='ltr'>frugis</span> <span class='ocrx_word' id='word_1_145' title='bbox 1363 1603 1413 1647; x_wconf 89' lang='lat' dir='ltr'>et</span> <span class='ocrx_word' id='word_1_146' title='bbox 1438 1600 1630 1647; x_wconf 88' lang='lat' dir='ltr'>arboris</span> <span class='ocrx_word' id='word_1_147' title='bbox 1655 1600 1817 1661; x_wconf 86' lang='lat' dir='ltr'>inops,</span> 
     </span>
     <span class='ocr_line' id='line_1_25' title="bbox 242 1682 1824 1747; baseline 0 -17"><span class='ocrx_word' id='word_1_148' title='bbox 242 1683 331 1731; x_wconf 86' lang='lat' dir='ltr'>sed</span> <span class='ocrx_word' id='word_1_149' title='bbox 393 1686 444 1732; x_wconf 82' lang='lat' dir='ltr'>et</span> <span class='ocrx_word' id='word_1_150' title='bbox 503 1684 784 1747; x_wconf 84' lang='lat' dir='ltr'>spirituum</span> <span class='ocrx_word' id='word_1_151' title='bbox 832 1683 1182 1745; x_wconf 84' lang='lat' dir='ltr'>malignorum</span> <span class='ocrx_word' id='word_1_152' title='bbox 1236 1682 1522 1744; x_wconf 87' lang='lat' dir='ltr'>frequentia</span> <span class='ocrx_word' id='word_1_153' title='bbox 1569 1682 1824 1730; x_wconf 81' lang='lat' dir='ltr'>humanae</span> 
     </span>
     <span class='ocr_line' id='line_1_26' title="bbox 241 1765 1823 1825; baseline -0.002 -11"><span class='ocrx_word' id='word_1_154' title='bbox 241 1766 549 1815; x_wconf 88' lang='lat' dir='ltr'>habitationi</span> <span class='ocrx_word' id='word_1_155' title='bbox 595 1769 772 1816; x_wconf 90' lang='lat' dir='ltr'>minus</span> <span class='ocrx_word' id='word_1_156' title='bbox 817 1766 1213 1825; x_wconf 82' lang='lat' dir='ltr'>accommodus3</span> <span class='ocrx_word' id='word_1_157' title='bbox 1263 1765 1350 1812; x_wconf 91' lang='lat' dir='ltr'>sed</span> <span class='ocrx_word' id='word_1_158' title='bbox 1392 1765 1454 1812; x_wconf 89' lang='lat' dir='ltr'>ad</span> <span class='ocrx_word' id='word_1_159' title='bbox 1504 1767 1683 1812; x_wconf 88' lang='lat' dir='ltr'>uotum</span> <span class='ocrx_word' id='word_1_160' title='bbox 1727 1766 1823 1812; x_wconf 87' lang='lat' dir='ltr'>uiri</span> 
     </span>
     <span class='ocr_line' id='line_1_27' title="bbox 243 1848 1820 1913; baseline -0.001 -16"><span class='ocrx_word' id='word_1_161' title='bbox 243 1850 340 1898; x_wconf 91' lang='lat' dir='ltr'>Dei</span> <span class='ocrx_word' id='word_1_162' title='bbox 386 1851 686 1899; x_wconf 90' lang='lat' dir='ltr'>habitabilis</span> <span class='ocrx_word' id='word_1_163' title='bbox 732 1867 823 1913; x_wconf 91' lang='lat' dir='ltr'>per</span> <span class='ocrx_word' id='word_1_164' title='bbox 871 1849 1046 1898; x_wconf 91' lang='lat' dir='ltr'>omnia</span> <span class='ocrx_word' id='word_1_165' title='bbox 1099 1849 1263 1896; x_wconf 84' lang='lat' dir='ltr'>factus</span> <span class='ocrx_word' id='word_1_166' title='bbox 1315 1850 1403 1907; x_wconf 86' lang='lat' dir='ltr'>est,</span> <span class='ocrx_word' id='word_1_167' title='bbox 1459 1848 1711 1909; x_wconf 86' lang='lat' dir='ltr'>siquidem</span> <span class='ocrx_word' id='word_1_168' title='bbox 1760 1849 1820 1895; x_wconf 88' lang='lat' dir='ltr'>ad</span> 
     </span>
     <span class='ocr_line' id='line_1_28' title="bbox 241 1930 2050 1995; baseline -0.002 -15"><span class='ocrx_word' id='word_1_169' title='bbox 241 1933 530 1981; x_wconf 83' lang='lat' dir='ltr'>aduentum</span> <span class='ocrx_word' id='word_1_170' title='bbox 556 1935 667 1982; x_wconf 92' lang='lat' dir='ltr'>eius</span> <span class='ocrx_word' id='word_1_171' title='bbox 692 1934 905 1995; x_wconf 89' lang='lat' dir='ltr'>spiritus</span> <span class='ocrx_word' id='word_1_172' title='bbox 923 1947 1175 1979; x_wconf 88' lang='lat' dir='ltr'>recessere</span> <span class='ocrx_word' id='word_1_173' title='bbox 1199 1930 1429 1992; x_wconf 84' lang='lat' dir='ltr'>maligni.</span> <span class='ocrx_word' id='word_1_174' title='bbox 1495 1931 1626 1978; x_wconf 87' lang='lat' dir='ltr'>Cum</span> <span class='ocrx_word' id='word_1_175' title='bbox 1651 1933 1821 1977; x_wconf 87' lang='lat' dir='ltr'>autem</span> <span class='ocrx_word' id='word_1_176' title='bbox 1855 1937 2050 1971; x_wconf 52' lang='lat' dir='ltr'>Mirm-lez</span> 
     </span>
     <span class='ocr_line' id='line_1_29' title="bbox 241 2013 1821 2078; baseline -0.003 -16"><span class='ocrx_word' id='word_1_177' title='bbox 241 2015 352 2077; x_wconf 91' lang='lat' dir='ltr'>ipse</span> <span class='ocrx_word' id='word_1_178' title='bbox 376 2017 476 2064; x_wconf 89' lang='lat' dir='ltr'>sibi</span> <span class='ocrx_word' id='word_1_179' title='bbox 493 2017 691 2065; x_wconf 89' lang='lat' dir='ltr'>ibidem</span> <span class='ocrx_word' id='word_1_180' title='bbox 711 2015 938 2078; x_wconf 82' lang='lat' dir='ltr'>expulsis</span> <span class='ocrx_word' id='word_1_181' title='bbox 956 2013 1192 2062; x_wconf 88' lang='lat' dir='ltr'>hostibus</span> <span class='ocrx_word' id='word_1_182' title='bbox 1212 2013 1533 2060; x_wconf 84' lang='lat' dir='ltr'>mansionem</span> <span class='ocrx_word' id='word_1_183' title='bbox 1553 2015 1821 2073; x_wconf 82' lang='lat' dir='ltr'>angustam</span> 
     </span>
     <span class='ocr_line' id='line_1_30' title="bbox 241 2095 1815 2162; baseline -0.003 -17"><span class='ocrx_word' id='word_1_184' title='bbox 241 2098 671 2148; x_wconf 89' lang='lat' dir='ltr'>circumuallante</span> <span class='ocrx_word' id='word_1_185' title='bbox 728 2115 911 2162; x_wconf 83' lang='lat' dir='ltr'>aggere</span> <span class='ocrx_word' id='word_1_186' title='bbox 971 2102 1015 2145; x_wconf 73' lang='lat' dir='ltr'>et</span> <span class='ocrx_word' id='word_1_187' title='bbox 1068 2098 1237 2145; x_wconf 75' lang='lat' dir='ltr'>domus</span> <span class='ocrx_word' id='word_1_188' title='bbox 1287 2098 1340 2143; x_wconf 68' lang='lat' dir='ltr'>m</span> <span class='ocrx_word' id='word_1_189' title='bbox 1392 2112 1449 2142; x_wconf 88' lang='lat' dir='ltr'>ea</span> <span class='ocrx_word' id='word_1_190' title='bbox 1497 2095 1815 2153; x_wconf 83' lang='lat' dir='ltr'>necessarias,</span> 
     </span>
     <span class='ocr_line' id='line_1_31' title="bbox 240 2178 1821 2242; baseline -0.003 -14"><span class='ocrx_word' id='word_1_191' title='bbox 240 2180 455 2230; x_wconf 89' lang='lat' dir='ltr'>iuuante</span> <span class='ocrx_word' id='word_1_192' title='bbox 481 2183 702 2231; x_wconf 85' lang='lat' dir='ltr'>fratrum</span> <span class='ocrx_word' id='word_1_193' title='bbox 730 2199 902 2242; x_wconf 90' lang='lat' dir='ltr'>manu,</span> <span class='ocrx_word' id='word_1_194' title='bbox 934 2180 986 2228; x_wconf 89' lang='lat' dir='ltr'>id</span> <span class='ocrx_word' id='word_1_195' title='bbox 1013 2181 1092 2228; x_wconf 86' lang='lat' dir='ltr'>est</span> <span class='ocrx_word' id='word_1_196' title='bbox 1116 2178 1397 2227; x_wconf 88' lang='lat' dir='ltr'>oratorium</span> <span class='ocrx_word' id='word_1_197' title='bbox 1424 2180 1474 2225; x_wconf 91' lang='lat' dir='ltr'>et</span> <span class='ocrx_word' id='word_1_198' title='bbox 1499 2179 1821 2225; x_wconf 58' lang='lat' dir='ltr'>habitaculam</span> 
     </span>
     <span class='ocr_line' id='line_1_32' title="bbox 242 2261 1823 2325; baseline -0.004 -13"><span class='ocrx_word' id='word_1_199' title='bbox 242 2279 504 2325; x_wconf 72' lang='lat' dir='ltr'>commune,</span> <span class='ocrx_word' id='word_1_200' title='bbox 535 2265 922 2323; x_wconf 80' lang='lat' dir='ltr'>construxisset,</span> <span class='ocrx_word' id='word_1_201' title='bbox 953 2263 1103 2311; x_wconf 89' lang='lat' dir='ltr'>iussit</span> <span class='ocrx_word' id='word_1_202' title='bbox 1136 2262 1320 2309; x_wconf 85' lang='lat' dir='ltr'>fratres</span> <span class='ocrx_word' id='word_1_203' title='bbox 1349 2261 1403 2308; x_wconf 88' lang='lat' dir='ltr'>in</span> <span class='ocrx_word' id='word_1_204' title='bbox 1436 2261 1661 2308; x_wconf 87' lang='lat' dir='ltr'>eiusdem</span> <span class='ocrx_word' id='word_1_205' title='bbox 1688 2261 1823 2307; x_wconf 87' lang='lat' dir='ltr'>habi·</span> 
     </span>
     <span class='ocr_line' id='line_1_33' title="bbox 241 2343 1821 2410; baseline -0.004 -15"><span class='ocrx_word' id='word_1_206' title='bbox 241 2348 400 2395; x_wconf 89' lang='lat' dir='ltr'>taculi</span> <span class='ocrx_word' id='word_1_207' title='bbox 447 2348 749 2410; x_wconf 88' lang='lat' dir='ltr'>pauimento</span> <span class='ocrx_word' id='word_1_208' title='bbox 788 2349 994 2408; x_wconf 79' lang='lat' dir='ltr'>foueam</span> <span class='ocrx_word' id='word_1_209' title='bbox 1048 2345 1244 2404; x_wconf 86' lang='lat' dir='ltr'>facere;</span> <span class='ocrx_word' id='word_1_210' title='bbox 1299 2348 1399 2392; x_wconf 73' lang='lat' dir='ltr'>crat</span> <span class='ocrx_word' id='word_1_211' title='bbox 1445 2346 1617 2390; x_wconf 85' lang='lat' dir='ltr'>autem</span> <span class='ocrx_word' id='word_1_212' title='bbox 1667 2343 1821 2389; x_wconf 89' lang='lat' dir='ltr'>tellus</span> 
     </span>
     <span class='ocr_line' id='line_1_34' title="bbox 243 2426 1820 2490; baseline -0.005 -12"><span class='ocrx_word' id='word_1_213' title='bbox 243 2431 507 2480; x_wconf 74' lang='lat' dir='ltr'>durissima</span> <span class='ocrx_word' id='word_1_214' title='bbox 541 2436 585 2480; x_wconf 75' lang='lat' dir='ltr'>et</span> <span class='ocrx_word' id='word_1_215' title='bbox 617 2446 804 2490; x_wconf 73' lang='lat' dir='ltr'>saxosa,</span> <span class='ocrx_word' id='word_1_216' title='bbox 836 2431 919 2478; x_wconf 91' lang='lat' dir='ltr'>cui</span> <span class='ocrx_word' id='word_1_217' title='bbox 952 2429 1098 2477; x_wconf 91' lang='lat' dir='ltr'>nulla</span> <span class='ocrx_word' id='word_1_218' title='bbox 1135 2427 1349 2475; x_wconf 91' lang='lat' dir='ltr'>omnino</span> <span class='ocrx_word' id='word_1_219' title='bbox 1386 2441 1500 2486; x_wconf 88' lang='lat' dir='ltr'>spes</span> <span class='ocrx_word' id='word_1_220' title='bbox 1537 2440 1690 2472; x_wconf 78' lang='lat' dir='ltr'>uenae</span> <span class='ocrx_word' id='word_1_221' title='bbox 1709 2426 1820 2483; x_wconf 78' lang='lat' dir='ltr'>fon·</span> 
     </span>
     <span class='ocr_line' id='line_1_35' title="bbox 243 2506 1816 2572; baseline -0.007 -10"><span class='ocrx_word' id='word_1_222' title='bbox 243 2517 389 2561; x_wconf 75' lang='lat' dir='ltr'>tanae</span> <span class='ocrx_word' id='word_1_223' title='bbox 414 2515 676 2562; x_wconf 89' lang='lat' dir='ltr'>uideretur</span> <span class='ocrx_word' id='word_1_224' title='bbox 704 2514 887 2561; x_wconf 85' lang='lat' dir='ltr'>inesse.</span> <span class='ocrx_word' id='word_1_225' title='bbox 978 2511 1123 2572; x_wconf 76' lang='lat' dir='ltr'>Quod</span> <span class='ocrx_word' id='word_1_226' title='bbox 1150 2510 1275 2557; x_wconf 92' lang='lat' dir='ltr'>dum</span> <span class='ocrx_word' id='word_1_227' title='bbox 1306 2508 1543 2565; x_wconf 85' lang='lat' dir='ltr'>facerent,</span> <span class='ocrx_word' id='word_1_228' title='bbox 1575 2507 1635 2553; x_wconf 90' lang='lat' dir='ltr'>ad</span> <span class='ocrx_word' id='word_1_229' title='bbox 1663 2506 1816 2552; x_wconf 83' lang='lat' dir='ltr'>fidem</span> 
     </span>
     <span class='ocr_line' id='line_1_36' title="bbox 241 2591 1810 2661; baseline -0.008 -15"><span class='ocrx_word' id='word_1_230' title='bbox 241 2601 293 2646; x_wconf 88' lang='lat' dir='ltr'>et</span> <span class='ocrx_word' id='word_1_231' title='bbox 326 2616 500 2661; x_wconf 90' lang='lat' dir='ltr'>preces</span> <span class='ocrx_word' id='word_1_232' title='bbox 535 2597 719 2646; x_wconf 88' lang='lat' dir='ltr'>famuli</span> <span class='ocrx_word' id='word_1_233' title='bbox 756 2598 865 2657; x_wconf 90' lang='lat' dir='ltr'>Dei,</span> <span class='ocrx_word' id='word_1_234' title='bbox 895 2596 996 2644; x_wconf 89' lang='lat' dir='ltr'>alio</span> <span class='ocrx_word' id='word_1_235' title='bbox 1029 2595 1110 2643; x_wconf 91' lang='lat' dir='ltr'>die</span> <span class='ocrx_word' id='word_1_236' title='bbox 1145 2610 1276 2655; x_wconf 89' lang='lat' dir='ltr'>aqua</span> <span class='ocrx_word' id='word_1_237' title='bbox 1311 2591 1461 2653; x_wconf 87' lang='lat' dir='ltr'>plena</span> <span class='ocrx_word' id='word_1_238' title='bbox 1494 2591 1689 2637; x_wconf 71' lang='lat' dir='ltr'>inuenta</span> <span class='ocrx_word' id='word_1_239' title='bbox 1722 2591 1810 2643; x_wconf 86' lang='lat' dir='ltr'>est,</span> 
     </span>
     <span class='ocr_line' id='line_1_37' title="bbox 241 2670 1815 2743; baseline -0.01 -13"><span class='ocrx_word' id='word_1_240' title='bbox 241 2697 371 2743; x_wconf 87' lang='lat' dir='ltr'>quae</span> <span class='ocrx_word' id='word_1_241' title='bbox 419 2698 583 2743; x_wconf 90' lang='lat' dir='ltr'>usque</span> <span class='ocrx_word' id='word_1_242' title='bbox 631 2681 694 2728; x_wconf 92' lang='lat' dir='ltr'>ad</span> <span class='ocrx_word' id='word_1_243' title='bbox 736 2680 871 2728; x_wconf 90' lang='lat' dir='ltr'>hanc</span> <span class='ocrx_word' id='word_1_244' title='bbox 918 2679 1056 2732; x_wconf 89' lang='lat' dir='ltr'>diem</span> <span class='ocrx_word' id='word_1_245' title='bbox 1105 2674 1444 2723; x_wconf 89' lang='lat' dir='ltr'>sufficientem</span> <span class='ocrx_word' id='word_1_246' title='bbox 1487 2671 1684 2718; x_wconf 84' lang='lat' dir='ltr'>cunctis</span> <span class='ocrx_word' id='word_1_247' title='bbox 1726 2670 1815 2716; x_wconf 92' lang='lat' dir='ltr'>illo</span> 
     </span>
     <span class='ocr_line' id='line_1_38' title="bbox 238 2753 1809 2826; baseline -0.01 -14"><span class='ocrx_word' id='word_1_248' title='bbox 238 2763 637 2812; x_wconf 89' lang='lat' dir='ltr'>aduenientibus</span> <span class='ocrx_word' id='word_1_249' title='bbox 666 2763 858 2826; x_wconf 88' lang='lat' dir='ltr'>gratiae</span> <span class='ocrx_word' id='word_1_250' title='bbox 894 2777 1015 2808; x_wconf 87' lang='lat' dir='ltr'>suae</span> <span class='ocrx_word' id='word_1_251' title='bbox 1051 2758 1281 2807; x_wconf 85' lang='lat' dir='ltr'>caelestis</span> <span class='ocrx_word' id='word_1_252' title='bbox 1318 2758 1502 2815; x_wconf 75' lang='lat' dir='ltr'>copiam</span> <span class='ocrx_word' id='word_1_253' title='bbox 1537 2753 1809 2800; x_wconf 85' lang='lat' dir='ltr'>ministrat.</span> 
     </span>
     <span class='ocr_line' id='line_1_39' title="bbox 242 2836 1817 2895; baseline -0.01 0"><span class='ocrx_word' id='word_1_254' title='bbox 242 2846 341 2895; x_wconf 85' lang='lat' dir='ltr'>Sed</span> <span class='ocrx_word' id='word_1_255' title='bbox 380 2848 433 2894; x_wconf 90' lang='lat' dir='ltr'>et</span> <span class='ocrx_word' id='word_1_256' title='bbox 473 2846 788 2894; x_wconf 88' lang='lat' dir='ltr'>ferramenta</span> <span class='ocrx_word' id='word_1_257' title='bbox 829 2845 922 2893; x_wconf 68' lang='lat' dir='ltr'>sibi</span> <span class='ocrx_word' id='word_1_258' title='bbox 958 2842 1145 2890; x_wconf 87' lang='lat' dir='ltr'>ruralia</span> <span class='ocrx_word' id='word_1_259' title='bbox 1180 2855 1296 2886; x_wconf 90' lang='lat' dir='ltr'>cum</span> <span class='ocrx_word' id='word_1_260' title='bbox 1333 2838 1591 2884; x_wconf 86' lang='lat' dir='ltr'>frumento</span> <span class='ocrx_word' id='word_1_261' title='bbox 1634 2836 1817 2894; x_wconf 74' lang='lat' dir='ltr'>adferri.</span> 
     </span>
    </p>
   </div>
   <div class='ocr_carea' id='block_1_11' title="bbox 241 2924 1813 2992">
    <p class='ocr_par' dir='ltr' id='par_1_12' title="bbox 241 2924 1813 2992">
     <span class='ocr_line' id='line_1_40' title="bbox 241 2924 1813 2992; baseline -0.01 -15"><span class='ocrx_word' id='word_1_262' title='bbox 241 2932 443 2992; x_wconf 69' lang='lat' dir='ltr'>royauit,</span> <span class='ocrx_word' id='word_1_263' title='bbox 492 2929 627 2991; x_wconf 92' lang='lat' dir='ltr'>quod</span> <span class='ocrx_word' id='word_1_264' title='bbox 671 2929 797 2976; x_wconf 91' lang='lat' dir='ltr'>dum</span> <span class='ocrx_word' id='word_1_265' title='bbox 844 2926 1141 2990; x_wconf 90' lang='lat' dir='ltr'>praeparata</span> <span class='ocrx_word' id='word_1_266' title='bbox 1190 2925 1313 2969; x_wconf 73' lang='lat' dir='ltr'>terra</span> <span class='ocrx_word' id='word_1_267' title='bbox 1356 2924 1550 2979; x_wconf 74' lang='lat' dir='ltr'>tempore</span> <span class='ocrx_word' id='word_1_268' title='bbox 1591 2933 1813 2978; x_wconf 82' lang='lat' dir='ltr'>congruo</span> 
     </span>
    </p>
   </div>
   <div class='ocr_carea' id='block_1_12' title="bbox 238 3038 1813 3231">
    <p class='ocr_par' dir='ltr' id='par_1_13' title="bbox 238 3038 1813 3231">
     <span class='ocr_line' id='line_1_41' title="bbox 295 3038 1810 3104; baseline -0.013 -11"><span class='ocrx_word' id='word_1_269' title='bbox 295 3054 304 3077; x_wconf 88' lang='lat'>¹</span> <span class='ocrx_word' id='word_1_270' title='bbox 339 3049 515 3104; x_wconf 74' lang='lat' dir='ltr'>possed·</span> <span class='ocrx_word' id='word_1_271' title='bbox 536 3052 594 3092; x_wconf 88' lang='lat' dir='ltr'>M.</span> <span class='ocrx_word' id='word_1_272' title='bbox 670 3050 685 3073; x_wconf 80' lang='lat'>²</span> <span class='ocrx_word' id='word_1_273' title='bbox 715 3053 807 3090; x_wconf 84' lang='lat' dir='ltr'>illis</span> <span class='ocrx_word' id='word_1_274' title='bbox 825 3051 867 3090; x_wconf 91' lang='lat' dir='ltr'>M</span> <span class='ocrx_word' id='word_1_275' title='bbox 889 3065 898 3099; x_wconf 90' lang='lat'>;</span> <span class='ocrx_word' id='word_1_276' title='bbox 927 3051 1032 3089; x_wconf 88' lang='lat' dir='ltr'>Vita</span> <span class='ocrx_word' id='word_1_277' title='bbox 1053 3047 1218 3093; x_wconf 85' lang='lat' dir='ltr'>Cudb.;</span> <span class='ocrx_word' id='word_1_278' title='bbox 1250 3045 1325 3083; x_wconf 87' lang='lat' dir='ltr'>eis.</span> <span class='ocrx_word' id='word_1_279' title='bbox 1347 3056 1448 3092; x_wconf 66' lang='lat' dir='ltr'>sup,</span> <span class='ocrx_word' id='word_1_280' title='bbox 1473 3055 1513 3092; x_wconf 88' lang='lat' dir='ltr'>p.</span> <span class='ocrx_word' id='word_1_281' title='bbox 1537 3053 1600 3089; x_wconf 90' lang='lat'>49.</span> <span class='ocrx_word' id='word_1_282' title='bbox 1679 3038 1692 3059; x_wconf 70' lang='lat'><strong><em>⁹</em></strong></span> <span class='ocrx_word' id='word_1_283' title='bbox 1723 3051 1810 3075; x_wconf 82' lang='lat' dir='ltr'>om-</span> 
     </span>
     <span class='ocr_line' id='line_1_42' title="bbox 240 3104 1813 3168; baseline -0.013 -9"><span class='ocrx_word' id='word_1_284' title='bbox 240 3121 316 3160; x_wconf 88' lang='lat' dir='ltr'>nia</span> <span class='ocrx_word' id='word_1_285' title='bbox 336 3133 410 3158; x_wconf 84' lang='lat' dir='ltr'>om.</span> <span class='ocrx_word' id='word_1_286' title='bbox 432 3119 489 3158; x_wconf 90' lang='lat' dir='ltr'>M.</span> <span class='ocrx_word' id='word_1_287' title='bbox 637 3118 652 3140; x_wconf 75' lang='lat'>⁴</span> <span class='ocrx_word' id='word_1_288' title='bbox 683 3119 867 3168; x_wconf 88' lang='lat' dir='ltr'>segitem</span> <span class='ocrx_word' id='word_1_289' title='bbox 890 3116 946 3155; x_wconf 92' lang='lat' dir='ltr'>M.</span> <span class='ocrx_word' id='word_1_290' title='bbox 1101 3113 1114 3134; x_wconf 89' lang='lat'>⁵</span> <span class='ocrx_word' id='word_1_291' title='bbox 1143 3111 1289 3150; x_wconf 90' lang='lat' dir='ltr'>-berht</span> <span class='ocrx_word' id='word_1_292' title='bbox 1310 3109 1355 3148; x_wconf 93' lang='lat' dir='ltr'>C.</span> <span class='ocrx_word' id='word_1_293' title='bbox 1511 3105 1525 3126; x_wconf 86' lang='lat'><strong>⁶</strong></span> <span class='ocrx_word' id='word_1_294' title='bbox 1558 3106 1594 3143; x_wconf 92' lang='lat' dir='ltr'>D</span> <span class='ocrx_word' id='word_1_295' title='bbox 1614 3104 1685 3143; x_wconf 86' lang='lat' dir='ltr'>&amp;c.</span> <span class='ocrx_word' id='word_1_296' title='bbox 1709 3107 1813 3149; x_wconf 64' lang='grc' dir='ltr'><strong><em>ἠερίη</em></strong></span> 
     </span>
     <span class='ocr_line' id='line_1_43' title="bbox 238 3187 868 3231; baseline -0.008 -5"><span class='ocrx_word' id='word_1_297' title='bbox 238 3190 298 3226; x_wconf 76' lang='lat' dir='ltr'>the</span> <span class='ocrx_word' id='word_1_298' title='bbox 317 3199 399 3225; x_wconf 73' lang='lat' dir='ltr'>new</span> <span class='ocrx_word' id='word_1_299' title='bbox 418 3189 570 3231; x_wconf 77' lang='lat' dir='ltr'>chapter</span> <span class='ocrx_word' id='word_1_300' title='bbox 587 3187 678 3222; x_wconf 80' lang='lat' dir='ltr'>with</span> <span class='ocrx_word' id='word_1_301' title='bbox 698 3195 868 3222; x_wconf 89' lang='lat' dir='ltr'>uerum.</span> 
     </span>
    </p>
   </div>
  </div>
 </body>
</html>
