2240 3444
267 181 366 221 ΟΜ».
391 177 528 230 ΧΙΧ.]
777 170 968 224 Gentis
1007 172 1099 223 An
1107 171 1346 240 gyloruni.
1779 178 1849 228 37

253 313 474 372 pulueris
492 329 648 362 secum
655 318 942 375 portaturus
958 315 1168 374 abstulit,
1193 317 1246 362 in
1264 331 1358 375 qua
1376 317 1646 376 apparebat,
1669 318 1847 367 cruore¹

261 400 459 447 seruato,
503 396 731 444 rubuisse
768 401 1038 458 martyrum
1079 398 1253 457 aedem,
1291 403 1585 458 persecutore
1622 402 1843 459 pallente.

264 476 448 537 Quibus
466 479 531 525 ita
546 479 700 538 orestis,
718 480 969 526 innumera
981 479 1227 526 hominum
1244 481 1401 528 eodem
1418 482 1492 529 die
1509 481 1729 529 adDomi
1734 497 1850 529 num

261 560 401 607 turba
424 575 648 608 conuersa
674 564 754 608 est.

886 672 1036 721 CAP.
1079 672 1226 721 XIX.

266 782 312 817 Ut
331 782 433 818 idem
453 793 573 819 causa
593 783 838 827 infirmitatis
856 784 999 820 ibidem
1028 785 1211 832 detentus,
1237 786 1269 820 et
1287 785 1469 821 incendia
1488 787 1689 821 domorum
1709 785 1850 821 orando

436 849 662 895 restinxerit,
686 851 720 883 et
736 849 815 892 ‘ipse
828 860 898 893 per
917 849 1109 885 uisionem
1128 861 1154 886 a
1174 861 1242 886 suo
1262 851 1314 886 sit
1331 851 1483 896 Ianyore
1502 853 1673 888 curatus.

15 955 66 991 ib.
91 966 120 990 ο.
144 956 197 990 26.
331 945 496 993 UNDE
553 947 670 994 dum
723 948 931 1008 redeunt,
984 949 1242 996 insidiator
1290 950 1529 1010 inimicus,
1582 950 1854 998 casualibus

262 1029 439 1089 laqueis
463 1032 782 1091 praeparatis,
817 1031 1046 1079 Germani
1071 1033 1243 1092 pedem
1281 1033 1446 1093 lapsus
1480 1034 1718 1081 occasione
1753 1047 1855 1081 con·

262 1113 412 1172 tiiuit,
443 1114 669 1173 iynorans
692 1115 862 1161 merita
876 1115 1021 1173 illius,
1046 1116 1171 1162 sicut
1193 1115 1283 1162 Iob
1310 1116 1580 1175 beatissimi,
1603 1116 1854 1175 afflictione

262 1197 467 1255 eorporis
502 1197 822 1257 propayanda
843 1213 858 1254 ,·
918 1200 961 1244 et
1008 1197 1126 1244 dum
1172 1198 1458 1258 aliquandiu
1504 1214 1600 1246 uno
1650 1200 1704 1246 in
1760 1200 1853 1247 loco
1882 1210 2061 1266 quiher

261 1279 564 1338 infirmitatis
587 1280 857 1326 necessitate
880 1280 1159 1335 teneretur,
1181 1281 1234 1327 in
1256 1282 1423 1328 uicina
1437 1278 1467 1340 2,
1490 1296 1584 1340 qua
1608 1283 1846 1340 manebat,
1882 1262 2083 1296 mlrafflffi

261 1360 434 1407 casula
449 1361 464 1385 3
524 1362 698 1409 exarsit
755 1362 1064 1420 inccndium;
1125 1363 1250 1422 quod
1300 1365 1559 1411 consumtis
1619 1364 1849 1424 domibus,

261 1458 380 1503 quae
415 1445 514 1491 illic
541 1445 759 1504 palustri
794 1445 1068 1492 harundine
1105 1446 1394 1506 tegebantur,
1437 1447 1502 1494 ad
1531 1462 1652 1493 eum
1677 1447 1857 1495 liabita-

261 1527 436 1585 culum,
468 1528 521 1573 in
545 1542 635 1586 quo
654 1527 780 1574 idem
798 1527 993 1587 iacebat,
1015 1529 1193 1586 flabris
1211 1529 1575 1576 stimulantibus
1589 1529 1849 1588 ferebatur.

264 1608 533 1657 Concursus
567 1609 782 1656 omnium
819 1610 885 1657 ad
927 1611 1191 1658 antistitem
1233 1612 1519 1670 conuolauit,
1560 1615 1616 1659 ut
1658 1610 1856 1658 elatus4

262 1693 490 1739 manibus
533 1693 825 1752 periculum,
873 1693 1001 1751 quod
1041 1694 1316 1754 inminebat,
1371 1695 1620 1753 euaderet,·
1669 1693 1857 1755 quibus

260 1776 515 1835 increpatis
536 1776 718 1822 moueri
740 1789 787 1822 se
802 1775 924 1834 fidei
937 1778 1292 1835 praesumtione
1314 1792 1411 1824 non
1425 1792 1608 1838 passus
1631 1781 1709 1825 est.
1783 1776 1856 1824 At

259 1857 520 1904 multitudo
549 1858 704 1904 omnis
737 1857 1054 1917 desperatione
1079 1861 1338 1918 perterrita
1369 1861 1561 1908 obuiam
1589 1859 1768 1907 currit·5
1788 1861 1858 1907 in-

261 1941 434 1988 cendio.
493 1939 586 1987 Sed
607 1943 664 1986 ut
681 1940 774 1987 Dei
781 1942 997 1999 potentia
1021 1942 1326 2001 manifestior
1347 1946 1605 2003 appareret,
1631 1943 1858 2002 quiequid

17 2027 42 2062 f·
68 2039 102 2069 13
122 2038 155 2061 a·
261 2023 493 2070 custodire
518 2026 797 2070 temtauerat
821 2024 973 2083 turba,
1000 2026 1300 2072 consumitur
1313 2043 1329 2084 ;
1367 2027 1494 2086 quod
1522 2041 1632 2073 uero
1664 2024 1669 2088 Ι
1702 2027 1859 2073 iacens

261 2109 304 2153 et
339 2106 566 2165 infirmus
599 2105 883 2166 defenderat,
914 2107 1166 2155 reserat0⁶
1204 2109 1408 2168 hospitio
1445 2110 1599 2157 sancti
1637 2110 1747 2168 uiri,
1790 2123 1860 2157 ex-

251 2203 514 2248 pauescens
544 2189 753 2246 flamma
800 2190 1077 2250 transiliuit,
1119 2191 1251 2238 ultra
1297 2192 1505 2251 citraque
1548 2192 1855 2249 desaeuicns,·

268 2274 311 2318 et
335 2272 460 2317 inter
477 2271 636 2330 ylobos
651 2271 960 2329 flammantis
982 2274 1191 2320 incendii
1215 2275 1449 2321 incolume
1474 2275 1848 2334 tabernaculum,

261 2354 386 2413 quod
409 2354 650 2401 habitator
670 2354 885 2401 inclusus
908 2356 1143 2416 seruabat,
1172 2357 1374 2405 emicuit.
1450 2357 1688 2405 Exultat⁷
1717 2358 1858 2404 turba

261 2437 505 2496 miraculo,
558 2440 602 2483 et
654 2438 834 2484 uietam
892 2452 939 2485 se
999 2439 1184 2486 diuinis
1235 2440 1505 2487 uirtutibus
1564 2442 1850 2501 yratulatur.

262 2519 547 2566 Excubabat
595 2519 762 2566 diebus
812 2534 869 2567 ae
915 2521 1132 2568 noctibus
1178 2525 1288 2569 ante
1335 2524 1583 2582 tugurium
1624 2524 1858 2583 pauperis

262 2602 443 2661 uulgyus
489 2603 590 2650 sine
636 2616 867 2661 numero,·
927 2603 978 2650 lii
1026 2605 1218 2652 animas
1264 2619 1428 2652 curare
1447 2604 1476 2665 ⁸,
1527 2606 1576 2653 lii
1623 2607 1857 2665 cupientes

263 2698 467 2744 corpora.

19 2770 69 2804 ib·
92 2782 122 2804 0-
146 2781 193 2813 27-
333 2767 525 2826 Referri
559 2771 808 2828 nequeunt,
840 2783 959 2828 Quae
997 2768 1223 2818 Christus
1254 2772 1541 2830 operabatur
1566 2773 1620 2819 in
1645 2772 1853 2831 fcmnulo,

265 2850 349 2910 qui
372 2851 577 2897 uirtutes
590 2850 805 2909 faciebat
828 2852 1088 2910 infirmus,·
1127 2856 1171 2900 et
1203 2867 1311 2900 cum
1341 2854 1574 2901 debilitati
1598 2869 1712 2901 suae
1735 2854 1860 2900 nihil

266 2932 442 2980 remedi
448 2933 461 2977 i
469 2932 484 2953 ‘³
493 2935 742 2991 pateretur
763 2933 991 2994 adhiberi,
1016 2935 1229 2994 quadam
1247 2939 1378 2984 noete
1403 2937 1679 2983 candentem
1702 2937 1859 2984 niueis

322 3026 336 3050 ¹
367 3039 487 3065 crore
510 3026 584 3064 M1.
670 3026 685 3048 ²
713 3028 883 3067 uicinia
906 3029 1054 3068 Consta.
1147 3031 1161 3052 ³
1191 3031 1366 3069 casuale
1388 3031 1538 3070 Consi.
1629 3030 1643 3052 ⁴
1671 3031 1858 3070 eleuatis

267 3094 416 3133 Const.
569 3091 584 3113 ⁵
612 3094 805 3131 occurrit
824 3094 970 3132 Const.
1112 3094 1128 3117 ⁰
1156 3097 1382 3134 roseruato
1399 3096 1447 3134 B.
1473 3094 1560 3144 N²;
1590 3098 1853 3136 reseruatur.

267 3158 526 3207 Hospitium
548 3157 696 3197 Consi.
815 3158 830 3180 ⁷
861 3160 1002 3198 -tabat
1023 3160 1098 3212 HI.
1230 3159 1244 3181 s
1274 3161 1331 3199 -ri
1354 3161 1504 3200 Const.
1635 3160 1650 3183 ⁹
1680 3162 1764 3201 -dii
1785 3175 1855 3201 om.

267 3224 327 3262 M¹
348 3228 390 3261 at
408 3226 480 3262 end
500 3225 544 3270 of
555 3225 642 3262 line.
