2240 3444
299 153 398 194 Cn.
420 150 493 202 x.]
799 142 990 195 Gentis
1029 143 1123 195 An
1127 143 1367 212 qlorum.
1780 148 1880 198 103

122 295 146 328 f.
169 306 209 339 35
227 294 263 335 b.
298 287 582 345 tradidistis,
621 287 818 335 colentes
854 288 1126 348 sequimini,
1168 289 1351 337 iudicio
1388 290 1586 338 discreto
1618 287 1624 354 Ι
1657 293 1885 351 repperire

295 383 392 416 non
406 384 680 428 possumus.

372 451 511 499 Unde
535 454 710 510 oportet
733 465 831 509 uos,
853 455 1064 511 suscepto
1087 453 1225 512 siqno
1244 457 1439 501 sanctae
1463 456 1626 514 crucis,
1646 470 1738 514 per
1758 457 1884 515 quod

293 533 563 581 humanum
606 548 758 593 qenus
803 534 1069 581 redemtum
1121 539 1200 593 est,
1255 536 1569 584 execrandam
1625 538 1884 585 diabolicae

291 618 533 664 uersutiae
567 617 1014 675 szqiplantationem,
1057 618 1141 676 qui
1172 618 1373 665 diuinae
1405 619 1634 666 bonitatis
1665 621 1884 678 operibus

291 700 497 746 inuislus
528 700 835 758 aemulusque
864 701 1092 759 consistit,
1125 715 1156 747 a
1184 700 1405 748 cordibus
1434 702 1611 748 uestris
1647 702 1828 748 abicere
1849 699 1877 761 ¹,

292 780 603 842 iniectisque2
640 783 868 829 manibus
904 782 999 841 hos,
1031 797 1147 841 quos
1179 785 1376 830 eatenus
1412 785 1644 831 materiae
1678 798 1883 844 conpaqc

288 865 425 911 uobis
450 865 558 911 deos
571 864 868 923 fabricastis,
901 864 1273 924 confrinqendos
1297 865 1728 925 diminuendosque
1751 881 1881 913 sum-

290 962 475 1007 mopere
495 951 762 1007 procurate.
827 948 949 1006 Ipsa
982 948 1112 995 enim
1144 961 1307 995 eorum
1341 948 1588 995 dissolutio
1621 949 1881 1007 corruptio-

290 1045 391 1090 que,
456 1045 577 1090 quac
633 1045 902 1090 numquam
958 1031 1208 1078 uiuentem
1266 1030 1493 1089 spiritum
1550 1030 1732 1090 habuit,
1796 1045 1883 1079 nec

289 1113 654 1160 sensibilitatem
702 1128 733 1160 a
777 1114 882 1160 suis
925 1113 1199 1172 factoribus
1241 1113 1406 1171 potuit
1455 1113 1659 1172 quolibet
1709 1113 1880 1160 modo3

289 1195 535 1255 suscipere,
578 1196 716 1243 uobis
739 1198 967 1254 patenter
994 1196 1223 1255 insinuet,
1261 1210 1408 1254 quam
1440 1195 1565 1242 nihil
1603 1199 1717 1255 crat,
1755 1195 1882 1255 quod

291 1282 487 1326 catenus
511 1279 762 1336 colebatis;
801 1279 919 1325 dum
931 1279 1146 1338 profecto
1173 1278 1390 1325 meliores
1419 1292 1518 1338 uos,
1549 1279 1633 1337 qui
1656 1280 1881 1337 spiritum

288 1362 536 1409 uiuentem
588 1376 619 1408 a
663 1362 877 1408 Domino
912 1361 1192 1420 percepistis
1206 1361 1236 1421 ⁴,
1291 1376 1456 1408 eorum
1506 1362 1846 1408 constructioni
1864 1361 1880 1385 ⁵

287 1445 605 1492 nihilominus
646 1445 892 1502 existatis,·
930 1445 1099 1504 quippe
1145 1459 1261 1503 quos
1305 1445 1442 1492 Deus
1488 1445 1786 1504 omnipotens
1826 1463 1881 1496 eoe

276 1529 434 1588 primi
467 1528 686 1587 hominis,
729 1542 868 1587 quem
891 1528 1176 1586 plasmauit,
1218 1528 1507 1587 coqnatione,
1553 1528 1767 1577 deductis
1787 1545 1881 1590 per

288 1612 480 1659 saecula
503 1611 940 1658 innumerabilibus
956 1611 1320 1671 propaqinibus,
1340 1611 1586 1669 pullulare
1614 1613 1872 1662 constituit.

285 1693 514 1741 Accedite
549 1709 654 1754 erqo
687 1694 752 1741 ad
781 1695 1076 1754 aqnitioncm
1109 1694 1223 1753 eius,
1254 1694 1337 1752 qui
1363 1708 1452 1740 uos
1479 1694 1671 1754 creauit,
1711 1696 1794 1754 qui
1822 1696 1876 1743 in

285 1778 423 1824 uobis
445 1778 578 1824 uitae
607 1777 879 1836 insufflanit
905 1777 1142 1836 spiritum,
1173 1777 1257 1835 qui
1273 1790 1367 1835 pro
1397 1779 1562 1823 uestra
1588 1777 1877 1826 redemtione

283 1860 472 1907 Filium
495 1874 639 1906 suum
662 1860 968 1919 uniqenitum
991 1859 1136 1918 misit,
1166 1862 1222 1906 ut
1244 1873 1333 1906 uos
1360 1860 1419 1906 ab
1444 1860 1671 1920 oriqinali
1683 1863 1877 1918 peccato

285 1943 495 2002 eriperet,
532 1945 575 1989 et
607 1946 784 2001 ereptos
817 1942 872 1989 de
890 1945 1126 2000 potestate
1152 1942 1394 2001 nequitiae
1428 1942 1685 1990 diabolicae
1702 1943 1874 2001 praui-

284 2026 399 2073 tatis
423 2026 700 2072 caelestibus
713 2025 951 2083 praemiis
973 2028 1260 2072 muneraret.

353 2107 619 2167 SuscipiteG
657 2108 805 2155 uerba
840 2107 1245 2167 praedicatorum,
1300 2111 1343 2155 et
1398 2108 1705 2168 euanqelium
1759 2108 1869 2167 Dei,

284 2191 411 2250 quod
440 2191 578 2238 uobis
609 2191 939 2248 adnuntiant,·
978 2191 1208 2249 quatinus
1243 2191 1494 2250 credentes,
1524 2191 1648 2238 sicut
1683 2191 1876 2250 saepius

285 2274 467 2320 dictum
498 2276 577 2333 est,
609 2274 662 2320 in
690 2273 854 2320 Deum
888 2273 1085 2320 Patrem
1122 2274 1502 2333 omnipotentem,
1543 2276 1587 2321 et
1618 2273 1673 2320 in
1703 2273 1874 2320 Iesum

284 2355 530 2404 Christum
563 2357 666 2403 eius
697 2356 900 2416 Filium,
932 2359 975 2403 et
1006 2355 1245 2415 Spiritum
1277 2355 1521 2415 Sanctum,
1558 2358 1601 2403 et
1632 2355 1874 2414 insepara-

281 2439 421 2486 bilem
446 2439 735 2486 Trinitatem
756 2455 771 2496 ,·
795 2438 991 2499 fuqatis
1015 2439 1378 2486 daemoniorum
1400 2438 1635 2496 sensibus,
1667 2439 1875 2497 expulsa-

280 2535 369 2580 que
406 2536 437 2568 a
471 2522 609 2568 uobis
643 2521 976 2569 sollicitatione
1016 2521 1247 2568 uenenosi
1295 2523 1338 2568 et
1380 2520 1669 2579 deceptibilis
1705 2520 1866 2579 hostiS,

87 2624 137 2660 of.
160 2624 248 2660 1011.
269 2617 362 2662 per
385 2619 562 2663 aquam
587 2607 630 2651 et
653 2603 892 2663 Spiritum
915 2603 1152 2651 Sanctum
1182 2604 1340 2651 renati
1363 2603 1418 2662 ei,
1450 2603 1529 2650 cui
1557 2603 1866 2661 credideritis,

89 2674 145 2710 iii.
166 2685 198 2719 5.

280 2686 334 2733 in
357 2687 600 2745 splendore
615 2687 797 2747 yloriac
821 2687 1135 2746 sempiternae
1153 2686 1432 2746 cohabitare,
1458 2686 1561 2733 eius
1579 2685 1841 2743 opitulante
1856 2683 1872 2707 ⁷

282 2770 617 2829 niuniftccntia
640 2770 854 2817 ualeatis.

336 2920 350 2943 ²
382 2921 578 2959 abiecere
595 2920 668 2958 Ml.
687 2919 747 2959 C'.
933 2918 948 2941 ²
976 2932 1062 2969 que
1076 2932 1150 2958 om.
1164 2919 1224 2958 M.
1392 2917 1406 2940 3
1437 2930 1523 2967 quo
1543 2918 1673 2956 modo
1694 2917 1802 2956 libet
1818 2918 1867 2956 B.

283 2987 298 3009 ⁴
328 2987 518 3036 -cipistis
539 2985 596 3024 M.
736 2986 750 3009 ⁵
781 2998 854 3023 -ne
871 2985 946 3034 ΗΓ
1087 2985 1101 3008 ⁶
1131 2985 1342 3033 suscipite
1362 2995 1463 3032 ergo
1485 2983 1529 3021 G.
1553 2983 1605 3021 D.
1762 2981 1776 3003 ⁷
1806 2984 1867 3022 sic

282 3049 587 3101 0307014021-2,
620 3050 916 3100 opitulatione
950 3051 1007 3090 M.
1028 3050 1074 3089 O.
1096 3050 1145 3090 B.
1165 3050 1238 3098 Hl.
1254 3048 1337 3088 W¹.
1359 3049 1411 3099 D,
1443 3062 1497 3087 an
1527 3051 1671 3087 evidenti
1693 3051 1864 3099 mistalce,

281 3121 402 3156 which
417 3116 473 3155 M.
493 3119 566 3154 has
585 3118 679 3154 tried
692 3120 724 3153 to
740 3120 854 3154 mend
868 3119 913 3163 by
927 3119 1084 3162 deleting]
1099 3119 1155 3154 the
1171 3127 1196 3153 a
1209 3117 1253 3161 of
1266 3113 1577 3153 munificentia
1595 3127 1605 3163 ;
1635 3118 1735 3152 other
1752 3117 1867 3154 MSS.

280 3187 373 3222 read
394 3182 688 3232 opitulatione
707 3183 752 3220 et
771 3181 1095 3220 munificentia.
