2240 3444
104 298 166 332 He
186 297 286 334 fixes
297 297 364 333 his

106 347 179 383 See
198 350 243 382 at

104 397 265 433 Lindis-

103 445 231 484 farne.

102 2295 204 2330 Iona
223 2295 295 2330 the

101 2345 210 2380 head
229 2345 274 2380 of

102 2406 325 2431 numerous

102 2456 263 2481 monas-

99 2496 234 2532 teries.

396 125 507 194 132
845 141 911 193 H
913 142 1109 195 istoria
1147 141 1536 196 Ecclesiastica
1699 140 1703 142 ’
1783 150 1891 203 [Lm.
1915 155 1992 194 111.

464 288 717 337 Uenienti
741 290 902 353 igitur
935 291 998 338 ad
1024 308 1078 339 se
1112 291 1365 353 episcopo,
1396 307 1486 339 rex
1520 290 1694 338 locum
1725 290 1862 338 sedis
1896 288 1998 351 epi-

396 372 616 434 scopalis
660 373 716 420 in
765 373 939 421 insula
987 374 1421 433 Lindisfarnensi,
1468 373 1558 421 ubi
1607 373 1716 436 ipse
1769 373 1992 436 petebat,

394 455 593 504 tribuit.
673 457 772 518 Qui
820 457 1065 505 uidelicet
1114 457 1257 505 locus
1300 458 1574 505 accedente
1622 474 1678 505 ac
1727 458 1999 505 recedente

394 543 642 602 reumate,
674 541 755 589 bis
789 542 977 589 cotidie
1006 541 1172 589 instar
1207 541 1409 588 insulae
1441 541 1601 588 maris
1634 541 1999 589 circumluitur

392 622 564 685 undis,
602 624 684 672 bis
713 625 965 673 renudato
1003 625 1178 672 littore
1213 624 1490 686 contiguus
1526 627 1692 672 terrae
1726 624 1997 684 redditur;

393 707 550 768 atque
600 708 710 756 eius
753 708 1201 757 admonitionibus
1248 708 1522 756 humiliter
1569 725 1626 756 ac
1675 708 1901 756 libenter
1941 707 1998 755 in

396 790 643 839 omnibus
685 792 997 853 auscultans,
1047 791 1317 839 ecclesiam
1362 791 1554 839 Christi
1604 791 1660 839 in
1703 808 1863 854 regno
1906 806 2000 838 suo

396 874 631 922 multum
657 875 937 937 diligenter
966 875 1234 923 aedificare
1267 891 1324 922 ac
1356 874 1571 922 dilatare
1598 875 1813 923 curauit.
1891 874 2000 923 Ubi

395 957 748 1018 pulcherrimo
776 976 925 1021 saepe
946 959 1238 1021 spectaculo
1264 957 1496 1021 contigit,
1522 961 1582 1006 ut
1607 959 1999 1021 euangelizante

397 1041 648 1102 antistite,
681 1042 772 1104 qui
796 1043 1095 1105 Anglorum
1116 1042 1353 1104 linguam
1378 1042 1606 1103 perfecte
1626 1059 1734 1089 non
1761 1044 1992 1103 nouerat,

395 1123 508 1186 ipse
558 1142 649 1173 rex
697 1126 807 1174 suis
856 1127 1073 1174 ducibus
1126 1143 1183 1174 ac
1236 1125 1499 1173 ministris
1547 1126 1804 1188 interpres
1853 1126 2001 1174 uerbi

397 1208 641 1257 existeret
672 1210 908 1257 caelestis
930 1229 941 1271 ;
980 1209 1101 1272 quia
1117 1207 1131 1231 1
1152 1208 1408 1256 nimirum
1434 1211 1544 1256 tam
1564 1209 1720 1271 longo
1747 1209 1891 1257 exilii
1917 1210 2000 1257 sui

393 1293 627 1354 tempore
651 1293 888 1355 linguam
911 1294 1210 1341 Scottorum
1236 1292 1341 1339 iam
1361 1291 1514 1354 plene
1540 1292 1797 1341 didicerat.
1858 1293 1998 1341 Exin

396 1392 606 1437 coepere
643 1377 820 1439 plures
849 1394 942 1439 per
979 1377 1090 1425 dies
1128 1377 1191 1424 de
1233 1376 1531 1424 Scottorum
1568 1376 1778 1438 regione
1816 1377 1998 1425 uenire

395 1459 713 1508 Brittaniam
762 1462 919 1523 atque
968 1460 1075 1508 illis
1116 1459 1413 1521 Anglorum
1461 1459 1758 1520 prouinciis,
1808 1460 1999 1523 quibus

393 1543 634 1604 regnauit
661 1544 857 1591 Osuald
878 1542 908 1605 2,
938 1560 1130 1606 magna
1155 1542 1434 1591 deuotione
1464 1543 1685 1592 uerbum
1712 1544 1834 1592 fidei
1861 1561 2000 1606 prae-

395 1625 565 1674 dicare
615 1629 666 1675 et
720 1628 1050 1676 credentibus
1098 1626 1319 1690 gratiam
1366 1626 1626 1688 baptismi,
1682 1628 2000 1691 quicumque

395 1710 697 1759 sacerdotali
723 1715 870 1760 erant
891 1713 1051 1775 gradu
1072 1710 1306 1774 praediti,
1333 1710 1643 1760 ministrare.
1721 1712 1999 1761 Construc-

394 1792 586 1842 bantur
618 1811 741 1858 ergo
771 1795 1015 1844 ecclesiae
1048 1812 1139 1857 per
1169 1795 1294 1854 loca,
1332 1793 1666 1843 confluebant
1697 1796 1761 1843 ad
1792 1795 1999 1843 audien-

397 1876 524 1924 dum
568 1879 789 1926 uerbum
829 1879 1011 1942 populi
1058 1879 1357 1941 gaudenteS,
1408 1877 1738 1926 donabantur
1778 1895 1997 1927 munere

393 1960 534 2022 regio
559 1962 910 2023 possessiones
935 1967 986 2011 et
1019 1960 1279 2010 territoria
1311 1960 1375 2008 ad
1407 1960 1733 2010 instituenda
1752 1962 1767 1986 ²³
1797 1979 1998 2010 monas-

394 2043 536 2102 teria,
569 2044 927 2093 inbuebantur
963 2047 1380 2108 praeceptoribus
1418 2046 1610 2096 Scottis
1645 2046 1853 2108 paruuli
1891 2047 1998 2094 An·

393 2125 601 2187 glorum
644 2144 749 2175 una
803 2145 923 2176 cum
966 2129 1250 2178 maioribus
1298 2130 1488 2179 studiis
1536 2132 1588 2178 et
1635 2129 1995 2177 obseruatione

394 2208 699 2271 disciplinae
723 2212 983 2273 regularis.

464 2292 601 2341 Nam
632 2295 876 2342 monachi
908 2299 1056 2343 erant
1089 2296 1331 2357 maxime,
1373 2296 1461 2359 qui
1497 2297 1560 2344 ad
1590 2296 1997 2358 praedicandum

393 2379 661 2425 uenerant.
730 2377 1015 2426 Monachus
1040 2379 1150 2441 ipse
1170 2380 1439 2441 episcopus
1462 2380 1647 2427 Aedan
1665 2380 1694 2440 4,
1720 2381 1903 2442 utpote
1934 2379 1998 2428 de

393 2458 580 2521 insula,
608 2477 737 2522 quae
758 2463 974 2509 uocatur
993 2462 1101 2523 Hii,
1124 2462 1427 2523 destinatus,
1455 2462 1600 2510 cuius
1616 2463 1996 2511 monasterium

393 2543 449 2590 in
467 2544 667 2591 cunctis
682 2561 816 2607 pene
835 2545 1326 2606 septentrionalium
1349 2546 1658 2607 Scottorum,
1684 2548 1735 2594 et
1756 2545 1997 2594 omnium

392 2626 663 2675 Pictorum
698 2628 1031 2676 monasteriis
1063 2646 1169 2676 non
1205 2646 1366 2690 paruo
1396 2632 1631 2690 tempore
1662 2646 1832 2677 arcem
1858 2631 1997 2677 tene-

392 2710 492 2770 bat,
537 2711 881 2773 regendisque
919 2729 1099 2759 eorum
1138 2712 1345 2774 populis
1380 2714 1649 2774 praeerat;
1688 2729 1817 2775 quae
1853 2712 1996 2761 uide-

392 2793 513 2841 licet
546 2794 752 2841 insula5
789 2795 852 2842 ad
895 2794 977 2842 ius
1019 2795 1232 2857 quidem
1270 2796 1561 2844 Brittaniae
1600 2796 1842 2858 pertinet,
1886 2812 1994 2843 non

392 2891 583 2938 magno
617 2876 680 2924 ab
718 2894 775 2924 ea
811 2877 943 2926 freto
987 2879 1218 2939 discreta,
1257 2880 1346 2926 sed
1382 2879 1663 2927 donatione
1700 2879 1985 2939 Pictorum,

395 2957 484 3018 qui
517 2958 635 3006 illas
668 2960 957 3008 Brittaniae
987 2961 1165 3023 plagas
1199 2960 1449 3020 incolunt,
1481 2961 1791 3010 iamdudum
1818 2977 1991 3009 mona-

446 3154 456 3175 ¹
489 3157 567 3206 qui
590 3157 642 3195 N.
748 3156 762 3176 ²
792 3170 868 3195 rex
890 3157 1056 3196 Osuald
1077 3157 1126 3196 B.
1150 3156 1211 3197 02.
1310 3156 1324 3178 3
1354 3158 1622 3197 instruenda
1643 3158 1695 3197 N.
1808 3158 1821 3179 4
1852 3157 1989 3196 aidan

391 3221 436 3260 C.
459 3222 522 3261 B'2.
635 3222 649 3244 ⁵
679 3223 828 3261 insula
848 3237 922 3263 om.
944 3222 1016 3263 M1.
