2240 3444
356 113 464 165 206
816 107 879 159 H
882 103 1083 159 istoria
1121 97 1513 155 Ecclesia-stica
1753 104 1862 157 [Lm.
1887 107 1957 144 IV.

357 255 681 306 ordinandus
719 255 797 301 est
841 252 1068 312 missus;
1107 251 1159 298 et
1185 247 1432 312 quoniam
1469 247 1589 294 ante
1628 242 1962 292 Theodorum

359 341 525 399 rediit,
579 340 690 402 ipse
750 337 909 385 etiam
951 335 1008 383 in
1059 333 1243 382 Cantia
1281 332 1584 393 presbyteros
1631 331 1673 376 et
1723 328 1959 384 diacoma

361 424 659 487 usquedum
694 419 1110 482 archiepiscopus
1147 417 1210 464 ad
1249 415 1428 463 sedem
1466 428 1614 460 suam
1648 408 1960 473 perueniret,

363 506 643 557 orcliofmbat.
720 505 795 552 At
820 502 931 565 ipse
957 500 1180 549 ueniens
1209 515 1333 546 mox
1358 497 1415 544 in
1441 495 1653 544 ciuitate
1680 492 1848 553 Hrofi,
1878 490 1969 539 ubi

363 590 613 639 defuncto
639 587 898 637 Damiano
924 585 1248 648 episcopatus
1264 581 1369 629 iam
1395 580 1486 627 diu
1513 578 1813 637 cessauerat,
1836 574 1969 623 ordi-

364 675 513 723 nauit
533 674 711 721 uirum
737 670 905 733 magis
932 666 1293 717 ecclesiasticis
1323 662 1616 726 disciplinis
1642 661 1965 718 institutum,

366 758 418 804 et
475 755 614 803 uitae
669 752 1006 815 simplicitate
1062 750 1387 808 contentum,
1449 761 1608 809 quam
1659 743 1716 790 in
1779 740 1972 790 saeculi

77 859 201 892 Putta
221 866 315 891 con-
365 838 522 886 rebus
571 841 863 896 strenuum,
913 833 996 882 cui
1046 849 1241 880 nomen
1291 832 1400 879 erat
1450 825 1681 888 Putta¹;
1741 825 1972 874 maxime

76 907 325 992 ξὲἒέἓὲῗρξῡ
367 923 542 970 autem
608 917 918 967 modulandi
979 917 1036 965 in
1098 915 1312 964 ecclesia
1375 929 1521 962 more
1555 908 1560 963 Ι
1593 913 1967 968 Romanorum,
2004 923 2029 958 f.
2057 935 2093 968 72
2114 923 2149 957 b.

368 1022 527 1068 quem
587 1021 616 1052 a
665 1000 936 1064 discipulis
996 999 1136 1048 beati
1188 1014 1351 1062 papae
1413 995 1653 1059 Gregorii
1707 994 1969 1053 didicerat,

367 1088 609 1152 peritum.

1011 1279 1165 1329 OAP.
1198 1279 1303 1328 ΙΙΙ.

378 1430 424 1466 Ut
447 1428 610 1475 Gemma,
635 1428 680 1463 de
700 1436 772 1471 quo
799 1435 921 1469 supra
941 1424 1089 1460 (lictum
1118 1424 1185 1468 est,
1199 1423 1431 1467 prouinciae
1451 1422 1686 1458 Merciorum
1713 1422 1762 1458 sit
1788 1422 1984 1466 episcopus

706 1494 834 1539 clatus,
860 1493 892 1528 et
911 1492 956 1528 de
976 1491 1063 1526 uita
1083 1491 1116 1526 et
1131 1485 1146 1508 ²
1158 1490 1262 1525 obitu
1283 1491 1316 1526 et
1335 1489 1534 1534 sepultura
1554 1490 1652 1526 eius.

87 1620 246 1655 meacula
446 1600 524 1648 Eo
572 1601 807 1662 tempore
855 1596 1152 1660 prouinciae
1212 1594 1527 1643 Merciorum
1586 1611 1676 1642 rex
1735 1593 1987 1643 Uulfheri

85 1670 229 1754 (ἓξὲξ)
376 1683 613 1748 praefuit,
669 1681 771 1745 qui,
828 1697 949 1729 cum
997 1681 1206 1727 mortuo
1254 1678 1579 1726 Iarumanno
1627 1677 1726 1725 sibi
1780 1693 1986 1740 quoque

87 1769 296 1854 plishopof
379 1767 589 1829 suisque
629 1782 658 1814 a
700 1764 971 1813 Theodoro
1015 1763 1316 1826 episcopum
1358 1761 1468 1810 dari
1510 1763 1724 1824 peteret,
1768 1777 1874 1809 non
1912 1760 1987 1808 eis
2018 1771 2067 1807 cf.
2117 1820 2124 1827 ¹

92 1832 307 1904 nigroianss,
380 1867 581 1900 nouum
634 1848 805 1897 uoluit
872 1846 1110 1896 ordinare
1161 1846 1499 1908 episcopum3
1561 1845 1649 1893 sed
1699 1843 1987 1907 postulauit
2018 1822 2189 1915 {dssus‘

381 1952 410 1983 a
435 1951 553 1997 rege
592 1933 751 1983 Osuio
772 1932 801 1993 4,
833 1933 893 1980 ut
930 1930 1040 1979 illis
1079 1929 1352 1992 episcopus
1390 1929 1593 1978 Ceadda
1631 1929 1854 1989 daretur,
1899 1925 1989 1989 qui

383 2021 509 2067 tunc
556 2018 613 2065 in
663 2015 982 2064 monasterio
1042 2031 1151 2076 suo,
1206 2014 1346 2076 quod
1398 2015 1476 2061 est
1526 2013 1584 2060 in
1633 2010 1985 2074 Laestingae5,

385 2101 618 2164 quietam
677 2100 845 2148 uitam
905 2097 1103 2162 agebat,
1158 2097 1387 2146 Uilfrido
1444 2095 1847 2145 administrante
1894 2094 1994 2156 epi-

386 2186 657 2247 scopatum
683 2183 1061 2231 Eboracensis6
1088 2181 1347 2242 ecclesiae,
1383 2197 1477 2228 nec
1515 2197 1624 2228 non
1662 2182 1712 2228 et
1750 2179 1991 2227 omnium

386 2266 968 2329 Nordanhymbrorum,
1015 2266 1105 2314 sed
1155 2267 1206 2313 et
1256 2264 1541 2320 Pictorum,
1584 2278 1854 2326 quousque
1904 2278 1996 2309 rex
2027 2274 2077 2310 of.
2099 2274 2149 2309 ib.
2174 2285 2202 2308 a.

387 2351 585 2400 Osuiu7
622 2349 907 2412 imperium
943 2349 1250 2412 protendere
1286 2350 1503 2411 poterat.
1582 2347 1652 2395 Et
1679 2348 1799 2409 quia
1836 2346 1997 2394 moris
2027 2337 2078 2360 ²¹'

388 2437 496 2483 erat
545 2434 713 2482 eidem
774 2432 1201 2481 reuerentissimo
1262 2431 1487 2480 antistiti
1548 2446 1678 2493 opus
1739 2429 1997 2493 euangelii

390 2519 556 2581 magis
583 2516 904 2565 ambulando
933 2532 1024 2579 per
1061 2516 1184 2578 loca,
1229 2531 1387 2578 quam
1421 2515 1704 2577 equitando
1730 2514 1990 2576 perficere,

390 2601 542 2649 iussit
569 2617 690 2648 eum
717 2600 1034 2661 Theodorus,
1066 2599 1384 2660 ubicumque
1408 2598 1616 2661 longius
1636 2600 1737 2646 iter
1759 2598 1990 2657 instaret,

392 2685 636 2746 equitare,
676 2684 1011 2745 multumque
1048 2682 1379 2743 renitentem,
1412 2681 1586 2730 studio
1624 2684 1675 2729 et
1712 2697 1888 2729 amore
1924 2680 1997 2744 pii

392 2767 598 2829 laboris,
630 2769 740 2829 ipse
775 2783 897 2815 eum
937 2784 1098 2815 manu
1129 2782 1220 2814 sua
1250 2765 1482 2814 leuauit8
1518 2766 1576 2813 in
1612 2781 1839 2827 equum3
1878 2764 1999 2827 quia

397 2851 653 2898 nimirum
694 2853 936 2899 sanctum
979 2866 1091 2898 esse
1132 2850 1309 2897 uirum
1354 2848 1622 2911 conperiit,
1667 2850 1824 2911 atque
1867 2864 1998 2910 equo

397 2935 532 2995 uehi,
577 2951 677 2997 quo
716 2936 851 2982 esset
889 2950 1112 2994 necesse,
1150 2932 1397 2996 conpulit.
1476 2932 1789 2994 Susceptum
1824 2931 2000 2993 itaque

454 3069 466 3091 ¹
498 3071 607 3120 puta
629 3070 684 3109 N.
825 3067 838 3089 ²
867 3071 913 3108 et
935 3069 989 3108 de
1012 3069 1070 3109 M.
1094 3069 1147 3108 N.
1301 3068 1315 3090 3
1344 3081 1409 3107 —re
1431 3066 1500 3107 B2.
1681 3067 1695 3089 4
1727 3070 1854 3108 osuiu
1879 3068 1925 3107 O.
1948 3067 2001 3106 N.

400 3134 414 3156 ⁵
444 3148 514 3185 -ga
537 3149 560 3174 e
582 3135 634 3174 Bl
657 3149 666 3184 3
696 3148 767 3185 -ga
788 3137 834 3185 ig
853 3134 910 3174 Β2
937 3149 946 3185 ;
977 3136 1195 3185 laestinge
1218 3134 1249 3173 C
1271 3148 1279 3183 ;
1310 3134 1562 3185 lestingahe
1583 3134 1637 3174 N.
1835 3133 1850 3155 ⁶
1875 3135 2002 3173 ebur-

404 3201 451 3241 C.
475 3202 527 3242 Ν.
640 3201 653 3223 ³
687 3202 810 3241 osuio
831 3203 883 3242 Β.
1009 3202 1023 3225 s
1053 3201 1225 3241 leuabit
1244 3200 1311 3240 B1.
