2240 3444
784 171 1003 220 auctore
1040 169 1238 223 Baeda.
1688 177 1794 228 369

225 308 460 372 prouisor
483 308 683 371 inpiger
707 314 1012 359 ornamenta
1050 313 1129 360 uel
1169 316 1491 365 munimenta
1517 321 1765 367 conferret.
1786 339 1797 376 ς

226 390 436 454 quarta¹
480 391 584 451 illo,
632 395 748 453 post
789 394 1114 454 conpositum
1160 396 1299 444 iuxta
1340 399 1564 456 regulam
1606 417 1799 448 monas-

226 473 431 530 terium,
461 473 776 535 profectione
800 475 1037 536 conpleta
1072 478 1434 539 multipliciore
1472 498 1622 541 qnam
1662 483 1801 543 prius

227 555 541 618 spiritalium
569 556 818 603 mercium
845 556 1020 604 fenore
1056 559 1350 607 cumulatus
1388 562 1548 609 rediit.
1626 563 1802 610 Primo
1831 573 2043 606 Tronnum

231 637 368 700 quod
415 637 850 685 innumerabilem
894 640 1124 687 libromcm
1167 642 1339 688 omnis
1382 643 1579 703 generis
1626 621 2004 710 ‹¹‹›J1i‹1n2{}{‘'.¹,{“,¹,¹J

229 718 552 782 adportauit3
605 719 841 767 Secundo
881 721 1016 781 quod
1066 724 1379 782 reliquiarum
1418 726 1655 772 beatorum
1699 742 1808 786 apo·
1835 720 1932 754 him.

232 801 489 849 stolorum
530 803 895 864 martinumque
931 803 1127 851 Christi
1166 804 1550 853 habundantem
1594 807 1808 867 gratiam

234 884 421 932 multis
439 884 734 947 Anglorum
753 884 1011 932 aecclesiis
1030 886 1354 947 profuturam
1380 888 1585 935 aduexit
1608 907 1618 947 3
1645 889 1814 935 Tertio

235 966 373 1030 quod
392 968 606 1015 orde'nem
622 968 856 1015 cantandi
874 967 1129 1028 psallendi
1153 971 1304 1030 atque
1330 972 1381 1017 vin
1407 972 1629 1017 aeeclesia
1655 973 1818 1017 minis·

236 1051 403 1098 trandi
426 1051 565 1097 ‘iaxta
588 1066 788 1097 morem
807 1050 1055 1098 Romanae
1075 1052 1386 1100 institutionis
1402 1069 1493 1098 suo
1513 1052 1818 1099 monasterio

237 1131 561 1192 contradidit,
593 1132 852 1193 postulato
891 1131 1131 1180 uidelicet
1166 1135 1319 1195 atque
1357 1136 1558 1195 accepto
1594 1134 1656 1180 ab
1692 1135 1821 1194 Aga-

237 1215 398 1263 thone
423 1230 554 1277 papa
579 1216 906 1263 archicantore
931 1217 1179 1264 aecclesiae
1205 1216 1338 1263 beati
1365 1217 1578 1278 apostoli
1607 1216 1746 1263 Petri
1772 1218 1822 1262 et

239 1299 410 1347 abbate
455 1299 739 1346 monasterii
787 1299 910 1346 beati
956 1296 1206 1346 ΙΙῙανΐίηἰ.2
1247 1300 1479 1357 Iohanne,
1537 1315 1687 1360 quem
1744 1297 1824 1344 sui

241 1380 484 1428 futurum
509 1379 818 1442 magistrum
844 1380 1144 1428 monasterii
1169 1382 1500 1440 Brittannias,
1533 1381 1824 1427 Romanum

243 1462 434 1525 Anglis
482 1463 764 1511 adduceret.
846 1463 939 1524 Qui
986 1462 1076 1510 illo
1124 1463 1446 1524 perueniens,
1500 1479 1606 1509 non
1654 1461 1821 1509 solum

244 1547 367 1595 uiua
392 1561 505 1594 uoce
529 1562 658 1607 quae
684 1545 876 1592 Romae
905 1545 1084 1593 didicit
1117 1545 1481 1592 aecclesiastica
1515 1543 1827 1591 discentibus

247 1628 499 1688 tradidit;
558 1628 646 1676 sed
695 1631 746 1675 et
794 1644 902 1674 non
949 1644 1107 1689 pauca
1154 1628 1309 1675 etiam
1361 1629 1533 1675 litteras
1586 1626 1829 1673 mandata

248 1711 460 1774 reliquit
475 1711 504 1772 ³,
536 1727 666 1773 quae
691 1710 940 1758 hactenus
972 1711 1029 1757 in
1057 1710 1285 1757 eiusdem
1318 1709 1615 1757 monasterii
1647 1707 1829 1755 biblio-

251 1795 402 1844 theca
447 1793 726 1841 memoriae
774 1793 939 1854 gratia
985 1795 1270 1841 seruantur.
1356 1793 1620 1852 Quartum,
1674 1790 1832 1837 Bene·

12 1891 35 1927 f.
59 1890 152 1926 xob.
254 1878 425 1926 dictus
472 1893 580 1924 non
620 1875 725 1922 uile
762 1892 955 1922 munus
987 1874 992 1933 1
1024 1875 1226 1931 adtulit,
1267 1874 1538 1936 epistolam
1580 1871 1834 1934 priuilegii

255 1977 286 2009 a
330 1958 617 2007 uenerabili
658 1974 789 2019 papa
827 1957 1102 2019 Agathone
1145 1973 1263 2004 cum
1303 1956 1522 2015 licentia.
1567 1969 1831 2010 consensu,

257 2042 524 2103 desiderio,
579 2044 630 2089 et
686 2041 893 2088 hortatu
941 2040 1170 2102 Ecgfridi
1228 2039 1362 2101 regis
1416 2040 1688 2099 acceptam,
1742 2050 1840 2097 qua

259 2125 650 2183 monasterium,
694 2123 831 2185 quod
867 2123 1001 2183 fecit,
1038 2123 1101 2170 ab
1138 2122 1281 2169 omni
1317 2136 1525 2183 prorsus
1560 2118 1841 2166 extrinseca

259 2208 549 2271 irruptione
603 2208 779 2254 tutum
837 2207 1086 2268 perpetuo
1133 2204 1432 2252 redderetur
1489 2219 1544 2249 ac
1604 2201 1836 2248 liberum.

263 2291 536 2352 Quintum,
590 2290 818 2350 picturas
876 2287 1165 2349 imaginum
1232 2288 1522 2333 sanctarum
1594 2299 1719 2344 quas
1781 2280 1841 2327 ad

264 2374 588 2422 ornandam⁴
647 2371 944 2420 aecclesiam
1002 2370 1141 2418 beati
1198 2368 1342 2416 Petri
1399 2365 1627 2429 apostoli,
1691 2378 1844 2425 quam

268 2457 640 2506 construxerat.
683 2454 903 2514 detulit3
948 2452 1229 2515 imaginem
1265 2450 1503 2498 uidelicet
1539 2449 1715 2494 beatae
1752 2443 1845 2491 Dei

270 2538 543 2603 genetricis
589 2554 895 2599 semperque
936 2536 1157 2599 uirginis
1198 2533 1399 2592 Mariae,
1445 2530 1599 2579 simul
1641 2532 1690 2575 et
1731 2528 1849 2574 duo·

272 2621 438 2670 decim
464 2620 828 2682 apostolorum,
861 2619 1048 2681 quibus
1072 2616 1296 2665 mediam
1323 2614 1549 2661 eiusdem
1585 2609 1848 2659 aecclesiae

273 2704 605 2763 testudinem,
660 2703 814 2751 ducto
863 2718 893 2749 a
941 2701 1132 2763 pariete
1181 2699 1245 2746 ad
1294 2698 1540 2758 parietem
1592 2689 1849 2739 tabulato⁵

275 2786 659 2850 praecingeret;
713 2784 966 2847 imagines
1012 2780 1332 2843 euangelicae
1379 2776 1617 2824 historiae
1665 2772 1850 2834 quibus

277 2868 559 2917 australem
618 2868 889 2915 aecclesiae
948 2866 1194 2928 parietem
1249 2862 1538 2914 decoraretf,
1604 2854 1852 2915 imagines

279 2950 544 2999 uisionum
592 2949 892 3012 apocalipsis
938 2947 1073 2995 beati
1121 2943 1383 3001 Iohannis,
1426 2941 1612 3002 quibus
1659 2939 1853 2997 septen·

282 3032 557 3081 trionalem
594 3047 752 3094 aeque
788 3031 1038 3093 parietem
1075 3028 1292 3084 ornaret,
1325 3023 1565 3086 quatinus
1602 3019 1853 3066 intrantes

340 3170 354 3193 ¹
383 3172 543 3220 quarta
565 3169 705 3220 igitur
726 3174 775 3207 Δ.
1088 3165 1102 3186 ²
1130 3167 1173 3203 et
1195 3163 1350 3202 abbate
1375 3190 1382 3198 .
1406 3190 1414 3198 .
1440 3188 1448 3197 .
1477 3188 1485 3196 .
1507 3156 1689 3195 martini
1710 3167 1783 3192 om.
1807 3158 1852 3192 Δ.

283 3236 300 3260 ⁸
331 3236 459 3287 ·quid
478 3235 555 3285 H„
697 3235 710 3256 ¹
741 3233 1015 3273 adorandam
1037 3236 1086 3269 Δ.
1213 3228 1228 3250 ·”’
1258 3230 1316 3266 -ta
1338 3226 1412 3275 H„
1441 3225 1492 3263 D.
1517 3224 1592 3273 112.
1617 3222 1660 3260 Ρ.
1684 3220 1731 3258 Β.
1755 3218 1801 3257 F.

1034 3300 1123 3348 Bb
