2240 3444
157 2413 197 2446 F(
204 2424 271 2447 >un
278 2414 346 2448 ‹ula-

153 2463 241 2497 tion
260 2465 306 2496 of

156 2513 297 2548 Lastin
303 2525 343 2556 g-

154 2564 253 2598 ham
274 2565 327 2607 by

155 2614 390 2649 Ethelwald

154 2663 199 2696 of
214 2664 347 2699 Deira.

458 112 563 161 174
899 108 1168 163 Historia
1206 108 1601 162 Ecclesiastica
1848 117 1959 170 [Lm.
1985 122 2059 161 111.

451 276 479 306 a
516 257 717 318 comite,
749 256 970 305 intrauit
1007 256 1313 319 epulaturus
1349 256 1567 304 domum
1606 255 1729 304 eius.
1809 255 1910 317 Qui
1941 273 2062 305 cum

450 342 654 403 abisset,
688 342 922 390 obuiauit
948 341 996 389 ei
1022 343 1256 389 antistes.
1312 341 1387 387 At
1413 357 1503 388 rex
1530 339 1746 388 intuens
1771 356 1906 401 eum⁷
1938 357 2061 388 mox

450 426 784 473 tremefactus
810 425 1023 473 desiluit
1042 422 1056 447 1
1084 441 1230 486 equo,
1262 423 1551 486 ceciditque
1585 425 1707 472 ante
1740 423 1898 486 pedes
1927 423 2055 483 seius,

451 509 663 557 ueniam
693 510 867 557 reatus
891 508 907 533 2
933 508 1219 571 postulans.
1299 509 1435 556 Nam
1473 510 1525 556 et
1562 507 1833 569 episcopus
1869 506 2063 568 pariter

452 592 664 640 desiluit
682 591 695 616 ¹
721 611 731 653 ;
770 593 972 640 sederat
991 591 1133 640 enim
1160 595 1211 641 et
1237 592 1347 655 ipse
1372 592 1429 639 in
1455 608 1603 653 equo.
1684 590 1859 638 Iratus
1884 592 2061 638 autem

450 675 626 738 tetigit
656 692 829 737 regem
868 675 1129 723 iacentem
1166 675 1326 738 uirga,
1359 691 1518 737 quam
1555 673 1767 722 tenebat
1804 689 1979 734 manu,
2011 675 2061 721 et

450 759 737 821 pontificali
774 759 1081 807 auctoritate
1117 761 1472 820 protestatus:
1520 757 1675 805 ‘Dico
1712 756 2055 819 tibi‚’inquit‚

456 843 609 906 ‘quia
640 842 859 890 noluisti
893 844 945 890 te
979 842 1250 890 continere
1276 859 1305 890 a
1335 843 1494 890 domu
1525 841 1716 903 perditi
1747 843 1799 889 et
1825 840 2061 889 damnati

447 926 604 986 illius,
637 929 696 974 tu
734 926 790 973 in
829 925 941 987 ipsa
978 925 1139 973 domu
1176 925 1310 973 mori
1348 925 1538 974 habes.'
1614 925 1715 973 Sed
1741 925 2060 973 credendum

448 1010 540 1067 est,
593 1007 714 1068 quia
763 1006 884 1054 talis
926 1022 1069 1053 mors
1112 1005 1214 1053 uiri
1256 1005 1488 1068 religiosi
1537 1022 1643 1053 non
1685 1005 1856 1053 solum
1898 1005 2061 1053 talem

449 1090 657 1152 culpam
684 1089 910 1150 diluerit,
943 1090 1032 1137 sed
1061 1089 1220 1137 etiam
1247 1089 1500 1137 meritum
1527 1089 1638 1137 eius
1664 1088 1868 1136 auxerit
1891 1107 1901 1149 3
1940 1088 2062 1151 quia

449 1174 704 1222 nimirum
730 1173 794 1220 ob
821 1189 1029 1221 causam
1054 1172 1278 1236 pietatis,
1302 1173 1424 1236 quia
1439 1175 1652 1236 propter
1672 1172 2059 1221 obseruantiam

447 1257 816 1305 mandatorum
844 1255 1039 1305 Christi
1064 1257 1294 1319 contigit.

518 1341 777 1389 Successit
819 1342 996 1388 autem
1041 1340 1343 1404 Sigbercto3
1386 1342 1443 1389 in
1491 1357 1714 1403 regnum
1764 1340 2053 1396 Suidhelm,

448 1424 590 1472 filius
635 1424 893 1485 Sexbaffli,
941 1424 1033 1487 qui
1076 1424 1367 1487 baptizatus
1407 1426 1483 1472 est
1523 1424 1588 1472 ab
1630 1424 1743 1486 ipso
1783 1424 1954 1472 Cedde
2002 1424 2058 1471 in

447 1508 722 1569 prouincia
766 1508 1119 1556 Orientalium
1157 1508 1469 1571 Anglorum,
1513 1507 1571 1555 in
1610 1508 1727 1556 uico
1770 1507 1927 1571 regio,
1967 1508 2058 1570 qui

449 1591 641 1640 dicitur
678 1592 1097 1653 Rendlaesliani⁴‚
1129 1592 1183 1640 id
1222 1594 1300 1640 est
1334 1590 1540 1639 mansio
1575 1591 1855 1652 Rendili53
1894 1608 2058 1640 susce-

448 1675 630 1738 pitque
656 1693 777 1724 eum
798 1676 1167 1724 ascendentem
1194 1676 1257 1723 de
1275 1675 1423 1723 fonto
1443 1677 1619 1723 sancto
1638 1675 1944 1723 Aediluald⁶
1969 1692 2057 1723 rex

447 1759 615 1821 ipsius
675 1759 849 1822 gentis
899 1759 1253 1808 Orientalium
1315 1759 1626 1821 Anglorum,
1682 1759 1841 1807 frater
1899 1760 2058 1807 Anna

446 1843 583 1906 regis
620 1844 920 1892 eorundem.

1045 2043 1198 2093 OAP.
1242 2043 1454 2092 XXIII.

448 2173 495 2208 Ut
524 2173 627 2208 idem
656 2172 855 2217 episcopus
886 2167 1010 2208 Cedcz⁷
1040 2172 1164 2208 locum
1195 2174 1424 2209 monasterii
1453 2173 1700 2209 construenda·
1730 2174 1779 2209 ab
1811 2171 2057 2210 ()·ἰ(ῖῖῖ1ιαῖ(1011

508 2250 592 2284 reae
623 2239 818 2283 accipiens
843 2239 1086 2275 orationibus
1110 2241 1143 2275 et
1169 2239 1336 2275 ieiuniis
1362 2240 1528 2275 Domino
1558 2241 1835 2276 comem-<zuerin
1849 2253 1864 2286 ;
1895 2243 1927 2277 et
1954 2243 1998 2277 (Ie

1109 2306 1213 2340 obitu
1230 2306 1372 2350 ipsius.

514 2403 752 2452 SOLEBAT
787 2405 965 2452 autem
1001 2402 1142 2451 idem
1180 2403 1265 2452 uir
1300 2403 1532 2465 Domini,
1565 2421 1684 2452 cum
1710 2406 1848 2467 apud
1876 2405 2051 2455 Orien-

442 2487 573 2535 tales
618 2487 847 2535 Saxones
895 2486 1220 2549 episcopatus
1263 2486 1427 2534 officio
1475 2487 1795 2550 fungeretur,
1849 2489 2052 2552 saepius

442 2570 602 2619 etiam
650 2588 813 2633 suam,
868 2571 922 2619 id
972 2572 1050 2618 est
1100 2570 1674 2633 Nordanhymbrorum,
1723 2572 2049 2633 prouinciam

443 2654 757 2702 exhortandi
776 2654 941 2717 gratia
966 2653 1189 2701 reuisere
1211 2673 1221 2702 :
1250 2670 1406 2716 quem
1432 2671 1550 2701 cum
1573 2654 1839 2703 Oidiluald
1857 2655 1885 2716 ⁹,
1908 2656 2049 2705 filius

445 2738 660 2786 Osualdi
685 2738 834 2801 regis,
863 2737 953 2800 qui
977 2737 1034 2784 in
1060 2737 1317 2784 Derorum
1339 2735 1372 2760 ¹⁰
1398 2737 1633 2799 partibus
1658 2755 1880 2800 regnum
1900 2740 2048 2788 habe·

441 2820 544 2880 bat,
576 2821 752 2868 uirum
780 2823 1022 2869 sanctum
1050 2822 1100 2868 et
1127 2820 1432 2889 sapientem,
1458 2820 1788 2883 probumque
1813 2823 2048 2871 moribus

442 2903 656 2964 uideret,
687 2904 975 2966 postulauit
998 2905 1025 2929 ¹¹
1056 2921 1176 2952 eum
1201 2903 1585 2966 possessionem
1621 2906 1786 2952 terrae
1818 2905 2045 2968 aliquam

497 3021 509 3043 ¹
542 3022 661 3060 -liuit
683 3023 730 3061 C.
754 3023 806 3063 N.
931 3022 947 3045 2
976 3025 1128 3062 reatus
1148 3023 1217 3061 sui
1239 3022 1290 3061 B.
1417 3021 1431 3043 ³
1460 3022 1664 3061 —berchto
1685 3022 1731 3062 C.
1846 3022 1858 3044 ⁴
1889 3024 2046 3063 raend-

441 3088 613 3126 lesham
637 3089 684 3128 C.
799 3089 813 3111 ⁵
841 3090 1035 3128 raendili
1058 3089 1105 3128 C.
1218 3087 1232 3108 ⁰
1262 3088 1393 3126 aeoil-
1417 3088 1448 3126 C
1471 3101 1479 3136 3
1510 3088 1620 3127 edil·
1641 3090 1696 3129 N.
1794 3087 1808 3109 ⁷
1839 3091 1976 3129 cedda
1998 3091 2045 3130 C.

441 3155 454 3173 ς
485 3155 620 3192 oedil-
643 3155 682 3193 N
702 3169 710 3202 ;
742 3156 1024 3195 oidiluualdo
1046 3157 1093 3196 C.
1279 3153 1294 3176 9
1324 3155 1460 3193 oedil-
1483 3154 1529 3194 C.
1682 3156 1716 3179 ¹⁰
1742 3155 1971 3195 deirorum
1994 3157 2044 3196 B.

440 3219 465 3241 ³¹
501 3222 674 3270 -uitquo
697 3222 755 3261 M,
