2240 3444
351 135 458 188 366
853 131 916 184 Η
912 129 1118 185 istoria
1156 128 1447 202 abbatum

348 278 624 329 biennium
660 277 876 328 idonea¹
913 277 1228 326 monasticae
1266 271 1676 324 conuersationis
1720 271 1955 320 doctrina

350 363 640 424 institutus,
687 379 867 411 rursus
914 361 1052 410 beati
1100 360 1247 410 Petri
1295 357 1652 421 apostolorum
1700 354 1952 417 principis

349 464 523 496 amore
550 446 800 507 deuictUS,
832 448 1086 495 sacratam
1125 444 1235 492 eius
1268 458 1478 504 corpore
1513 439 1783 487 ciuitatem
1817 454 1955 501 repe-

348 532 469 580 dare
495 530 692 579 statuit.

58 627 135 662 His
153 626 269 661 third
422 631 464 675 3.
509 613 616 661 Nec
654 614 772 676 post
811 611 1031 675 longum
1067 608 1381 659 adueniente
1421 603 1594 655 naue2
1627 603 1947 665 mercatoria,

59 677 220 762 {igfflgo
352 697 604 746 desiderio
630 696 889 745 satisfecit.
968 695 1045 743 Eo
1083 695 1259 742 autem
1302 695 1539 754 tempore
1577 689 1792 738 miserat
1829 688 1954 751 Ecg·

350 780 598 829 berchtus
624 779 1023 829 Cantuariorum
1059 793 1151 825 rex
1187 777 1251 824 de
1287 773 1592 823 Brittannia
1627 773 1851 822 electum
1887 772 1951 820 ad

351 863 675 926 episcopatus
712 861 939 910 officium
975 861 1152 909 uirum
1190 858 1407 907 nomine
1450 855 1829 919 Uighardumss,
1862 855 1953 917 qui

350 963 380 995 a
415 946 665 994 Romanis
700 945 837 994 beati
872 961 1033 1007 papae
1052 944 1068 967 4
1096 941 1331 1006 Gregorii
1369 940 1639 1003 discipulis
1674 939 1732 987 in
1770 939 1954 988 Cantia

350 1030 517 1078 fuerat
544 1029 690 1077 omni
715 1027 1085 1076 aecclesiastica
1109 1024 1444 1074 institutione
1470 1023 1787 1072 sufficienter
1811 1023 1952 1072 edoc-

350 1116 473 1173 tus;
529 1113 741 1175 cupiens
789 1128 908 1159 eum
957 1110 1057 1159 sibi
1107 1110 1303 1158 Romae
1349 1107 1579 1158 ordinari
1627 1107 1944 1169 episcopum,

351 1196 595 1258 quatinus
621 1212 741 1243 suae
765 1194 937 1256 gentis
956 1195 1007 1241 et
1026 1193 1235 1256 linguae
1255 1192 1452 1240 habens
1471 1190 1778 1251 antistitem,
1802 1192 1951 1238 tanto

350 1278 626 1342 perfectius
668 1295 788 1326 cum
831 1276 1077 1325 subiectis
1119 1276 1220 1324 sibi
1260 1275 1468 1338 populis
1507 1275 1592 1323 uel
1636 1274 1813 1323 uerbis
1861 1273 1951 1322 im-

349 1363 596 1410 bueretur
642 1361 765 1409 fidei
812 1360 896 1408 uel
946 1359 1248 1423 mysteriis3
1301 1360 1497 1421 quanto
1539 1358 1663 1407 haec
1713 1375 1821 1406 non
1860 1375 1952 1420 per

349 1445 700 1507 interpretem,
724 1444 813 1492 sed
838 1461 930 1506 per
955 1443 1158 1506 cognati
1184 1445 1235 1491 et
1255 1442 1563 1491 contribulis
1587 1442 1689 1490 uiri
1713 1442 1952 1504 linguam

350 1528 508 1576 simul
525 1544 845 1590 manumque
862 1526 1159 1589 susciperet.
1210 1526 1313 1587 Qui
1328 1525 1571 1574 uidelicet
1593 1525 1951 1589 Uicghardus⁵

350 1611 571 1659 Romam
624 1594 857 1671 ueniens,
911 1627 1031 1658 cum
1080 1606 1084 1675 Ι
1133 1609 1335 1658 cunctis
1396 1609 1488 1673 qui
1535 1626 1713 1657 secum
1761 1625 1952 1657 uenere
1982 1621 2010 1657 f.
2032 1622 2109 1658 sb.

349 1694 637 1755 comitibus,
682 1697 962 1756 antequam
1006 1693 1227 1756 gradum
1264 1692 1603 1756 pontificatus
1644 1693 1946 1756 perciperet,

347 1777 530 1825 morbo
568 1778 845 1841 ingruente
886 1777 1164 1825 defunctus
1204 1779 1296 1826 est.
1372 1777 1448 1825 At
1477 1794 1600 1825 uero
1637 1793 1771 1840 papa
1807 1794 1949 1840 apos-

346 1860 546 1921 tolicus,
577 1877 643 1908 ne
678 1860 937 1924 legatariis
974 1860 1289 1909 obeuntibus
1326 1859 1516 1924 legatio
1552 1859 1795 1923 religiosa
1831 1860 1951 1909 fide·

347 1944 480 1991 lium
522 1944 694 1992 fructu
734 1946 1061 2006 competente
1100 1945 1308 2004 careret,
1356 1943 1491 1992 inito
1535 1943 1754 1991 consilio
1794 1943 1948 2007 elegit

349 2026 412 2074 de
460 2026 567 2074 suis
616 2044 772 2089 quem
824 2026 1151 2075 Brittannias
1200 2025 1646 2089 archiepiscopum
1694 2026 1945 2088 mitteret,

350 2109 677 2157 Theodorum
716 2109 960 2158 uidelicet
1001 2110 1252 2158 saeculari
1295 2109 1457 2158 simul
1494 2112 1545 2158 et
1581 2109 1952 2159 aecclesiastica

349 2192 680 2255 philosophia
703 2193 995 2255 praeditum
1022 2193 1211 2255 uirum,
1234 2196 1284 2242 et
1304 2194 1403 2242 hoc
1428 2193 1484 2242 in
1509 2197 1737 2261 utraque?
1754 2193 1946 2257 lingua,

353 2275 515 2324 Greca
541 2275 735 2323 scilicet
761 2278 812 2324 et
837 2276 1033 2337 Latina,
1066 2278 1187 2325 dato
1225 2276 1272 2325 ei
1309 2277 1503 2340 collega
1539 2279 1591 2326 et
1625 2277 1952 2327 consiliatore

349 2357 462 2406 uiro
511 2375 670 2421 aeque
718 2359 1080 2408 strenuissimo
1140 2377 1196 2408 ac
1256 2360 1667 2423 prudentissimo
1714 2361 1950 2410 Adriano

348 2441 544 2490 abbate.
622 2442 691 2490 Et
717 2442 837 2504 quia
869 2443 1222 2491 uenerabilem
1254 2444 1602 2492 Benedictum
1638 2445 1943 2508 sapientem,

57 2530 307 2614 gegffffisss
348 2523 681 2586 industrium,
697 2525 995 2587 religiosum
1013 2543 1069 2574 ac
1086 2526 1319 2575 nobilem
1337 2527 1512 2576 uirum
1532 2527 1640 2575 fore
1660 2528 1942 2590 conspexit,

57 2629 161 2663 with
193 2629 320 2664 Theo·
349 2607 469 2655 huic
507 2607 803 2657 ordinatum
840 2626 960 2657 cum
998 2609 1106 2658 suis
1144 2610 1392 2659 omnibus
1430 2612 1820 2660 commendauit
1849 2612 1950 2675 epi-

54 2679 165 2714 dore.
351 2705 578 2751 scopum,
601 2692 931 2755 precepitque
955 2694 1027 2754 ut,
1049 2693 1229 2742 relicta
1246 2694 1660 2757 peregrinatione
1680 2712 1838 2758 quam
1858 2712 1950 2758 pro

351 2772 554 2820 Christo
595 2776 901 2836 susceperat,
945 2776 1208 2824 commodi
1247 2777 1446 2825 altioris
1489 2777 1684 2826 intuitu
1725 2777 1950 2840 patriam

350 2870 601 2915 reuersus,
634 2857 895 2905 doctorem
930 2858 976 2906 ei
1012 2859 1245 2907 ueritatis
1271 2876 1428 2922 quem
1455 2861 1666 2909 sedula6
1692 2861 1950 2924 quesierat-

350 2938 634 2999 adduceret,
681 2940 761 2988 cui
812 2941 896 2989 uel
945 2942 1039 2990 illo
1086 2943 1323 3006 pergenti
1363 2944 1449 2992 uel
1489 2944 1685 2993 ibidem
1723 2945 1944 3007 docenti,

403 3076 413 3097 ¹
445 3090 544 3116 -neo
566 3083 613 3116 Δ.
782 3077 796 3099 ²
825 3092 991 3119 nauem
1014 3081 1088 3131 HI.
1244 3083 1258 3105 3
1287 3083 1392 3132 wig·
1416 3083 1467 3121 D.
1492 3084 1568 3135 H2.
1592 3084 1638 3122 P.
1663 3084 1709 3124 O.
1732 3084 1797 3133 133
1829 3096 1948 3134 wyg-

348 3141 382 3179 F
401 3155 409 3189 ;
439 3143 515 3180 wi·
533 3149 582 3182 Δ.
715 3144 727 3165 ⁴
757 3157 872 3196 greg.
892 3159 1032 3197 papae
1054 3148 1106 3186 Ι).
1125 3147 1171 3188 C.
1194 3148 1240 3188 P.
1264 3148 1314 3187 B.
1339 3149 1385 3187 F.
1524 3149 1538 3171 ⁵
1565 3150 1799 3189 wihardus
1820 3154 1869 3189 Δ.
1892 3150 1945 3189 D.

349 3207 423 3256 H2.
446 3209 510 3256 B;
542 3210 647 3260 wig-
670 3210 704 3248 P
725 3224 733 3258 ;
764 3212 864 3250 wic-
888 3212 933 3251 F.
1047 3212 1062 3234 ⁶
1092 3213 1154 3252 -lo
1178 3218 1228 3254 Δ.
