2240 3444
44 443 171 477 Peace
190 440 275 476 and

43 491 276 537 prosperity

44 543 180 577 under

46 592 204 628 Edwin.

83 3059 222 3094 Letter
241 3057 286 3091 of

83 3108 293 3143 Honorius

336 120 440 170 118
481 129 483 131 ’
794 115 1058 169 Historia
1097 109 1485 168 Ecclesiastica
1753 124 1942 177 [L113.11.

333 279 390 310 ac
428 260 660 310 nobilem
698 261 754 308 in
792 260 1000 308 Christo
1043 262 1095 308 et
1133 259 1220 307 in¹
1260 258 1483 319 ecclesia,
1534 257 1624 321 qui
1667 257 1729 305 ad
1769 259 1947 306 nostra

335 362 501 407 usque
526 347 763 406 tempora
787 342 1091 406 permansit.

406 429 574 477 Tanta
610 429 787 475 autem
825 443 883 474 eo
921 428 1156 488 tempore
1190 441 1290 487 pax
1319 424 1375 472 in
1416 423 1691 484 Brittania,
1732 440 1950 486 quaqua-

338 529 551 560 uersum
599 510 884 573 imperium
932 509 1066 572 regis
1114 507 1362 556 AEduini²
1414 510 1737 570 peruenerat,
1791 507 1952 555 fuisse

338 596 656 658 perhibetur,
690 597 762 655 ut,
794 596 928 642 sicut
963 609 1127 655 usque
1157 592 1313 640 hodie
1351 591 1408 639 in
1441 591 1715 653 prouerbio
1741 591 1945 651 dicitur,

340 680 499 728 etiam
536 679 581 727 si
618 678 811 726 mulier
847 694 952 725 una
994 693 1115 724 cum
1155 692 1334 723 recens
1376 677 1498 723 nato
1534 675 1753 737 paruulo
1790 675 1951 722 uellet

340 765 507 811 totam
537 761 898 824 perambulare
928 760 1159 807 insulam
1196 776 1224 807 a
1260 759 1393 807 mari
1425 758 1489 806 ad
1524 775 1678 819 mare,
1712 757 1861 806 nullo
1899 773 1953 805 se

342 847 550 894 ledente
575 846 786 893 ualeret.
853 844 1083 891 Tantum
1110 860 1199 890 rex
1225 842 1365 890 idem
1392 842 1609 890 utilitati
1635 858 1757 889 suae
1783 840 1955 904 gentis

345 930 624 989 consuluit,
657 930 715 976 ut
740 927 1005 990 plerisque
1030 926 1086 973 in
1113 926 1251 986 locis,
1274 925 1365 973 ubi
1389 925 1560 973 fontes
1586 925 1785 973 lucidos
1809 925 1956 972 iuxta

344 1012 580 1076 puplicos
604 1012 810 1059 uiarum
836 1010 1093 1058 transitus
1118 1009 1400 1071 conspexit,
1431 1009 1504 1057 ibi
1538 1009 1602 1057 ob
1628 1008 1955 1072 refrigerium

344 1096 620 1156 uiantium,
678 1094 860 1142 erectis
908 1093 1188 1156 stipitibus,
1242 1109 1417 1140 aereos
1477 1109 1657 1141 caucos
1706 1091 1958 1153 suspendi

346 1180 560 1240 iuberet,
611 1196 781 1241 neque
823 1179 919 1226 hos
960 1177 1250 1240 quisquam,
1293 1176 1398 1223 nisi
1436 1176 1499 1224 ad
1542 1192 1698 1223 usum
1732 1192 1959 1223 necessa-

350 1266 501 1323 rium,
553 1263 851 1325 contingere
893 1278 1015 1323 prae
1062 1259 1426 1322 magnitudine
1469 1259 1556 1306 uel
1595 1259 1801 1307 timoris
1849 1258 1961 1306 eius

349 1347 574 1407 auderet,
622 1346 708 1393 uel
750 1344 943 1393 amoris
992 1344 1168 1393 uellet.
1247 1344 1476 1391 Tantum
1525 1360 1648 1390 uero
1696 1342 1755 1390 in
1802 1359 1961 1404 regno

350 1430 686 1478 excellentiae
712 1429 909 1490 habuit,
941 1430 1001 1476 ut
1028 1445 1135 1476 non
1169 1427 1340 1475 solum
1373 1427 1429 1474 in
1463 1443 1638 1489 pugna
1663 1428 1782 1474 ante
1806 1426 1962 1473 illum

353 1514 543 1562 uexilla
585 1514 925 1576 gestarentur,
969 1512 1058 1560 sed
1100 1513 1151 1559 et
1193 1513 1427 1573 tempore
1465 1510 1604 1573 pacis
1642 1510 1964 1572 equitantem

353 1598 489 1646 inter
538 1597 773 1645 ciuitates
822 1596 933 1643 siue
981 1595 1137 1642 uillas
1185 1597 1275 1643 aut
1324 1593 1619 1656 prouincias
1672 1609 1791 1640 suas
1844 1609 1965 1640 cum

355 1680 627 1740 ministris,
664 1697 869 1742 semper
905 1679 1204 1726 antecedere
1239 1678 1459 1741 signifer
1496 1678 1827 1737 consuesset;
1870 1692 1965 1723 nec

356 1782 463 1813 non
498 1767 549 1812 et
584 1765 859 1812 incedente
896 1763 988 1810 illo
1019 1762 1240 1810 ubilibet
1268 1779 1361 1824 per
1393 1761 1603 1824 plateas,
1636 1760 1770 1808 illud
1804 1775 1967 1823 genus

358 1848 550 1908 uexilli,
596 1848 733 1910 quod
772 1846 997 1895 Romani
1032 1846 1215 1907 tufam,
1251 1845 1418 1908 Angli
1454 1844 1719 1908 appellant
1756 1843 1961 1903 thuuf²³,

359 1935 480 1981 ante
506 1949 627 1979 eum
654 1930 778 1979 ferri
801 1930 1013 1978 solebat.

977 2038 1129 2088 CAP.
1173 2037 1353 2087 XVII.

448 2155 494 2190 Ut
517 2155 615 2188 idem
635 2153 684 2188 ab
704 2152 874 2187 Honorio
887 2162 996 2196 papa
1016 2152 1293 2187 exhortatorias
1312 2151 1458 2187 lc'z‘z'eras
1476 2152 1667 2198 acceperit,
1691 2150 1760 2194 qm?
1778 2149 1896 2185 etiam

900 2218 1064 2253 Paulino
1077 2219 1249 2262 pallium
1271 2218 1431 2254 miserit.

463 2301 467 2367 1
503 2304 619 2364 QUO
646 2305 880 2363 tempore
907 2301 1262 2363 praesulatum
1296 2301 1431 2348 sedis
1456 2299 1764 2363 apostolicae
1790 2299 1970 2347 Hono-

365 2387 473 2434 rius
525 2385 779 2434 Bonifatii
831 2400 1092 2432 successor
1145 2384 1380 2445 habebat,
1449 2383 1552 2445 qui,
1616 2382 1708 2430 ubi
1761 2384 1973 2445 gentem

366 2471 413 2518 N
419 2469 926 2532 ordanhymbrorum
967 2484 1086 2515 cum
1125 2484 1218 2515 suo
1260 2484 1377 2530 rege
1413 2467 1476 2514 ad
1506 2466 1666 2514 fidem
1705 2465 1976 2513 confessio-

368 2571 594 2616 nemque
620 2552 831 2612 Christi,
856 2550 1081 2599 Paulino
1099 2550 1504 2612 ouangelizante,
1531 2565 1835 2597 conuersam
1864 2565 1976 2596 esse

369 2637 561 2697 didicit,
608 2636 751 2683 misit
792 2635 960 2683 eidem
1005 2633 1227 2681 Paulino
1269 2633 1520 2695 pallium3
1583 2632 1730 2680 misit
1775 2634 1826 2680 et
1869 2631 1976 2694 regi

370 2720 629 2767 AEduino⁴
661 2720 863 2766 litteras
897 2717 1283 2777 exhortatorias,
1322 2718 1536 2778 paterna
1572 2715 1727 2762 illum
1767 2714 1976 2762 caritate

370 2803 669 2863 accendens,
701 2804 760 2849 ut
793 2801 849 2848 in
883 2800 987 2848 fide
1016 2799 1266 2860 ueritatis,
1299 2815 1457 2861 quam
1486 2800 1787 2860 acceperant
1804 2798 1833 2858 ⁵,
1863 2814 1976 2859 per-

373 2886 552 2934 sistere
589 2902 794 2946 semper
830 2901 885 2932 ac
921 2883 1167 2946 proficere
1205 2884 1443 2930 curarent
1460 2882 1487 2930 ⁶.
1569 2881 1802 2942 Quarum
1841 2881 1977 2929 uide-

373 2970 494 3017 licet
519 2969 812 3016 litterarum
840 2968 936 3015 iste
962 2969 1039 3015 est
1065 2967 1188 3014 ordo
1210 2984 1219 3014 :

457 3054 668 3100 Domino
728 3053 1115 3100 excellcntiSsimo
1175 3054 1316 3110 atquc
1365 3049 1817 3109 praecellentissimo
1869 3047 1979 3108 fillo

431 3160 443 3181 ¹
476 3163 523 3199 in
547 3175 619 3200 om.
644 3162 702 3200 M.
789 3160 804 3181 2
833 3161 1023 3199 eduuini
1055 3160 1118 3208 C3
1152 3159 1310 3198 eduini
1333 3159 1383 3197 B.
1499 3156 1514 3178 3
1544 3158 1653 3197 thuf
1671 3158 1716 3197 C.
1831 3156 1844 3179 4
1876 3157 1980 3196 edu-

375 3227 484 3266 uino
502 3228 533 3266 C
553 3241 561 3276 ;
583 3227 748 3265 eduino
771 3227 822 3266 B.
937 3227 952 3248 ⁵
982 3227 1069 3264 -rat
1092 3224 1156 3263 B‘2.
1314 3225 1327 3248 ⁶
1357 3226 1443 3262 -ret
1466 3223 1534 3262 BQ.

2002 2307 2149 2352 f.41a.
