2240 3444
234 163 334 202 Off.
356 159 470 210 XX.]
737 149 926 202 Gentis
966 149 1310 217 Awylorw'n.
1721 153 1820 204 125

232 298 481 358 regnanto
498 294 764 354 Osualdo¹,
796 297 974 342 contra
994 294 1151 342 fidem
1173 295 1302 342 iuris
1329 295 1537 343 iurandi
1557 300 1822 358 peremtus

231 381 320 426 est.
1031 432 1041 442 ‚

301 460 414 520 Quo
452 463 682 521 tompore
719 459 948 507 maxima
988 461 1066 507 est
1104 460 1239 507 facta
1277 462 1473 523 strages
1516 461 1570 507 in
1610 461 1822 509 ecclesia
1852 473 2043 531 novasqu-

230 543 314 591 uel
354 545 508 605 gente
547 542 1116 603 Nordanhymbrorum,
1149 543 1374 590 maxime
1412 544 1546 605 quod
1585 560 1722 591 unus
1760 561 1821 590 ex
1852 524 2076 607 sssssstffiuw

230 625 458 685 ducibus,
481 642 509 672 a
536 624 722 685 quibus
748 625 858 670 acta
884 625 974 683 est,
998 640 1243 685 paganus,
1266 624 1410 685 alter,
1434 626 1553 687 quia
1577 626 1823 673 barbarus
1853 622 1951 658 bria.

229 710 337 756 erat
386 723 583 768 pagano
633 705 846 753 saeuior.
948 706 1218 768 Siquidem
1267 707 1448 755 Penda
1497 725 1616 755 cum
1677 708 1822 756 omni

229 790 539 838 Merciorum
593 790 748 850 gente
803 788 957 836 idolis
1012 789 1230 850 deditus,
1286 792 1336 837 et
1385 790 1666 838 Christiani
1716 793 1823 838 erat

229 872 459 920 nominis
495 872 707 934 ignarus
730 889 740 931 3
778 873 831 918 at
857 887 981 918 uero
1007 872 1285 919 Caedualla
1301 871 1330 933 ²,
1364 873 1605 934 quamuis
1629 890 1822 921 nomen

229 958 280 1003 et
319 954 692 1017 professionem
731 953 944 1001 haberet
987 954 1283 1015 Christiani,
1327 957 1451 1003 adeo
1491 958 1670 1004 tamen
1713 959 1821 1004 erat

228 1037 403 1085 animo
427 1053 483 1084 ac
508 1036 742 1084 moribus
765 1036 1025 1097 barbarus,
1057 1038 1116 1084 ut
1141 1053 1207 1084 ne
1233 1037 1378 1085 sexui
1404 1038 1616 1099 quidem
1641 1038 1821 1086 mulie-

227 1120 318 1179 bri,
367 1119 452 1167 uel
495 1119 748 1166 innocuae
794 1119 1132 1180 paruulorum
1171 1122 1433 1182 parceret3
1477 1121 1645 1181 aetati,
1694 1121 1821 1183 quin

228 1202 502 1249 uniuersos
526 1200 793 1249 atrocitate
817 1200 981 1248 ferina
1018 1201 1177 1249 morti
1206 1219 1297 1264 per
1330 1205 1593 1251 tormenta
1627 1206 1822 1251 contra-

227 1285 384 1344 deret,
427 1285 596 1333 multo
638 1287 875 1347 tempore
912 1286 1048 1332 totas
1091 1302 1271 1333 eorum
1312 1286 1605 1347 prouincias
1649 1287 1820 1335 debac-

227 1368 428 1415 chando
446 1370 768 1430 peruagatus
783 1384 839 1415 ac
856 1370 1028 1415 totum
1045 1384 1209 1429 genus
1219 1369 1513 1432 Anglorum
1531 1370 1818 1419 Brittaniae

226 1450 421 1498 finibus
447 1467 716 1498 erasurum
743 1467 796 1498 se
821 1467 930 1498 esse
957 1450 1264 1499 deliberans.
1328 1451 1428 1499 Sed
1455 1469 1548 1499 nec
1579 1453 1819 1515 religioni

226 1533 564 1594 Christianae,
598 1550 728 1595 quae
760 1534 896 1595 apud
931 1550 1018 1581 eos
1055 1536 1232 1581 exorta
1269 1536 1390 1594 erat,
1420 1534 1616 1596 aliquid
1642 1535 1820 1598 inpen-

224 1616 375 1663 debat
422 1615 648 1664 honoris.
749 1616 951 1677 Quippe
995 1633 1114 1663 cum
1153 1633 1317 1679 usque
1355 1617 1509 1665 hodie
1553 1619 1712 1666 moris
1751 1620 1817 1668 sit

224 1699 551 1758 Brettonum,
584 1697 742 1746 fidem
781 1699 1192 1761 religionemque
1216 1700 1512 1762 Anglorum
1548 1719 1641 1763 pro
1679 1702 1815 1750 nihil

222 1781 424 1841 habere,
457 1798 625 1843 neque
654 1781 709 1828 in
743 1782 915 1843 aliquo
948 1781 1021 1829 eis
1052 1782 1218 1845 magis
1249 1784 1630 1832 communicare
1660 1802 1817 1847 quam

220 1864 445 1926 paganis.
539 1865 795 1912 Adlatum
846 1866 922 1912 est
973 1866 1148 1912 autem
1188 1868 1340 1927 caput
1380 1867 1643 1914 Aeduini4
1682 1868 1817 1930 regis

221 1947 532 2006 Eburacum,
600 1950 651 1994 et
712 1947 937 1994 inlatum
996 1950 1175 2009 postea
1235 1948 1291 1995 in
1351 1949 1621 1997 ecclesiam
1681 1950 1815 1998 beati

220 2030 439 2091 apostoli
482 2029 640 2086 Petri,
688 2046 844 2091 quam
886 2030 996 2091 ipse
1039 2031 1222 2092 coepit,
1266 2032 1355 2080 sed
1395 2048 1656 2080 successor
1705 2033 1816 2081 eius

221 2110 444 2160 Osuald¹
483 2112 710 2174 perfecit,
753 2115 811 2160 ut
853 2129 1008 2174 supra
1048 2113 1334 2175 docuimus,
1376 2115 1608 2176 positum
1645 2119 1723 2164 est
1761 2116 1815 2163 in

218 2194 420 2256 porticu
461 2195 626 2242 sancti
666 2211 826 2257 papae
864 2195 1111 2257 Gregorii,
1157 2213 1186 2244 3
1224 2196 1370 2244 cuius
1409 2197 1518 2259 ipse
1550 2198 1816 2260 discipulis

218 2277 437 2324 uerbum
474 2277 611 2325 uitae
647 2280 939 2339 susceperat
956 2277 984 2325 ⁵.

288 2360 529 2408 Turbatis
558 2361 732 2422 itaque
760 2360 915 2408 rebus
941 2360 1501 2424 Nordanhymbrorum
1522 2363 1537 2387 ⁶
1561 2363 1717 2411 huius
1741 2381 1814 2411 ar·
1843 2380 2042 2417 Paulinus

219 2442 380 2490 ticulo
406 2443 579 2503 cladis,
611 2460 731 2490 cum
757 2444 834 2490 nil
859 2443 1052 2491 alicubi
1077 2444 1321 2505 praesidii
1346 2445 1449 2492 nisi
1474 2445 1530 2492 in
1556 2446 1679 2508 fuga
1704 2463 1812 2494 esse
1842 2431 2076 2515 {fgffffswflt'h

219 2524 496 2586 uideretur,
523 2526 777 2574 Paulinus
796 2527 1036 2574 adsumta
1061 2543 1235 2575 secum
1261 2527 1439 2589 regina
1464 2528 1807 2590 Aedilberge⁷,
1842 2531 2067 2571 Ethelberg

220 2623 375 2668 quam
404 2608 605 2669 pridem
630 2609 927 2669 adduxerat,
958 2609 1111 2656 rediit
1139 2609 1378 2658 Cantiam
1406 2610 1626 2672 nauigio,
1658 2613 1812 2672 atque
1841 2581 2049 2666 {gamm-

217 2688 280 2736 ab
325 2689 561 2738 Honorio
601 2691 981 2753 archiepiscopo
1022 2693 1072 2738 et
1117 2709 1236 2754 rege
1273 2692 1538 2740 Eadbaldo
1581 2693 1811 2740 multum

218 2767 500 2816 honorifice
559 2773 832 2832 susceptus
892 2773 984 2818 est.
1075 2771 1238 2818 Uenit
1285 2773 1461 2818 autem
1509 2771 1634 2818 illuc
1683 2771 1811 2819 duce

218 2850 383 2897 Basso
420 2851 588 2899 milite
619 2852 754 2915 regis
790 2853 1041 2900 AEduini⁴
1068 2852 1367 2913 fortissimo,
1400 2853 1598 2900 habens
1635 2869 1810 2900 secum

278 3009 286 3030 ¹
317 3009 516 3060 osuuald,
542 3010 613 3048 -do
636 3011 668 3049 C
875 3011 888 3032 ²
918 3012 1086 3051 —uualla
1109 3013 1155 3051 C.
1341 3011 1355 3033 3
1384 3013 1738 3062 pa1·ceret,adcled
1762 3025 1810 3050 on

219 3079 373 3121 maryz'n
396 3076 454 3114 M.
700 3076 711 3098 ⁴
741 3077 929 3115 eduuini
955 3080 1011 3124 C;
1045 3078 1200 3116 eduini
1224 3078 1272 3115 B.
1503 3077 1517 3099 ⁵
1548 3078 1734 3127 -ciperat
1753 3077 1809 3116 M.

218 3139 233 3161 ⁶
263 3142 448 3179 norban-
471 3140 515 3191 C,
542 3144 608 3179 bnt
626 3145 683 3180 the
705 3146 771 3180 bar
791 3145 835 3188 of
846 3147 902 3181 the
924 3143 946 3181 ὃ
968 3147 1002 3181 is
1022 3147 1161 3181 almost
1181 3146 1363 3189 certainly
1384 3146 1429 3189 by
1450 3140 1510 3180 C2.
1634 3140 1648 3162 ⁷
1677 3143 1809 3181 aebil-

218 3206 374 3256 bergae
397 3204 444 3245 Cl
467 3219 476 3255 ;
506 3218 577 3256 -ga
599 3205 660 3246 Οἳ.
