2240 3444
407 115 513 166 352
850 115 1121 170 Historia
1159 117 1551 172 Ecclesiastica
1830 128 1938 181 [Lm.
1961 130 2011 173 V.

1013 308 1166 357 CAP.
1198 307 1397 357 XXIV.

557 465 838 509 Recapstulcaio
859 468 1038 504 chronica
1054 468 1168 503 totius
1187 469 1313 513 operis
1325 481 1341 513 ;
1371 470 1405 504 et
1423 469 1467 504 cle
1480 478 1650 512 persona
1670 470 1848 506 auctoris.

108 594 291 680 fhssqnlo-
472 591 673 641 UERUM
700 610 771 655 ea⁷
794 611 924 657 quae
943 596 1242 658 temporum
1262 594 1600 643 distinctione
1625 593 1784 643 latius
1810 596 2008 659 digesta

109 656 343 742 S‘ffiffssary·
399 677 537 736 sunt,
570 676 634 724 ob
661 678 971 726 memoriam
997 679 1409 727 conseruandam
1427 678 1659 727 breuiter
1678 680 2007 742 recapitulari

393 759 605 821 placuit.

466 846 627 895 Anno
652 846 815 910 igitur
851 850 973 897 ante
1006 846 1423 896 incarnationem
1458 845 1775 895 dominicam
1802 864 2005 912 sexage-
2035 858 2060 895 i.
2082 870 2113 896 2.

396 929 530 978 simo
580 932 742 980 Gaius
786 931 958 979 Iulius
997 932 1183 980 Caesar
1224 930 1427 993 primus
1464 931 1827 978 Romanorum
1871 932 2005 981 Brit·

395 1012 598 1062 tanias¹
624 1015 762 1063 bello
787 1014 1032 1078 pulsauit⁷
1065 1017 1117 1063 et
1151 1014 1290 1074 uicit,
1322 1030 1418 1062 nec
1457 1016 1636 1062 tamen
1672 1014 1746 1062 ibi
1780 1031 2003 1078 regnum

394 1099 567 1160 potuit
594 1099 842 1148 obtinere.

461 1184 624 1231 Anno
662 1182 725 1230 ab
763 1182 1120 1230 incarnatione
1158 1182 1374 1230 Domini
1411 1182 1603 1243 XLVI,
1645 1182 1895 1231 Claudius
1932 1199 2002 1231 se·
2031 1191 2056 1227 i.
2078 1204 2108 1236 3.

393 1267 595 1314 cundus
636 1267 997 1315 Romanorum
1034 1267 1323 1316 Brittanias
1366 1266 1560 1326 adiens,
1602 1266 1891 1328 plurimam
1928 1266 2000 1314 in-

392 1348 535 1396 sulae
560 1351 761 1412 partem
786 1351 844 1398 in
870 1350 1194 1400 deditionem
1231 1349 1434 1412 recepit,
1466 1350 1520 1397 et
1544 1349 1768 1397 Orcadas
1793 1366 2000 1413 quoque

392 1431 594 1481 insulas
620 1435 857 1483 Romano
887 1435 1074 1483 adiecit
1098 1434 1332 1498 imperio.

458 1517 619 1564 Anno
658 1517 1032 1566 incarnationis
1081 1518 1371 1567 dominicae
1422 1516 1688 1578 CLXVII,
1744 1517 2000 1566 Eleuther
2027 1526 2053 1564 i.
2074 1539 2107 1571 4.

388 1598 611 1647 Romae²
658 1602 864 1663 praesul
912 1602 1080 1650 factus
1129 1602 1231 1650 XV
1282 1618 1449 1650 annos
1497 1600 1768 1649 ecclesiam
1812 1601 1996 1663 glorio-

386 1683 590 1731 sissime
616 1684 763 1745 rexit,
788 1685 871 1733 cui
896 1685 1100 1734 litteras
1125 1703 1214 1734 rex
1234 1685 1527 1734 Brittaniae
1546 1684 1738 1732 Lucius
1758 1684 1989 1746 mittens,

386 1765 444 1810 ut
472 1763 801 1813 Christianus
828 1765 1129 1827 efficeretur,
1160 1766 1310 1828 petiit
1336 1768 1388 1814 et
1412 1764 1710 1827 inpetrauit.

453 1847 613 1895 Anno
630 1848 693 1895 ab
709 1848 1066 1897 incarnatione
1083 1849 1299 1898 Domini
1309 1848 1747 1909 CLXXXVIIII,
1767 1847 1992 1897 Seuerus
2022 1858 2046 1893 i.
2067 1868 2097 1903 5·

382 1929 664 1992 imperator
688 1932 856 1981 factus
882 1933 1046 1981 XVII
1080 1933 1235 1982 annis
1267 1934 1522 1996 regnauit,
1554 1932 1645 1996 qui
1671 1931 1991 1982 Brittaniam

382 2013 522 2061 uallo
548 2031 576 2062 a
602 2015 735 2062 mari
764 2032 930 2078 usque
956 2017 1019 2064 ad
1047 2033 1191 2065 mare
1215 2016 1518 2079 praecinxit.

450 2097 610 2145 Anno
655 2099 1031 2161 CCCLXXXI,
1081 2100 1342 2148 Maximus
1379 2100 1436 2148 in
1480 2099 1743 2148 Brittania
1786 2102 1988 2150 creatus
2017 2104 2096 2155 iss9.

380 2178 674 2243 imperator,
723 2183 779 2230 in
822 2183 1047 2231 Galliam
1090 2184 1312 2245 transiit,
1350 2183 1356 2247 Ι
1390 2185 1441 2232 et
1480 2183 1789 2232 Gratianum
1827 2184 1985 2233 inter—
2016 2192 2042 2228 f.
2068 2195 2129 2229 126
2148 2195 2182 2230 b.

379 2261 512 2312 fecit.

447 2348 607 2396 Anno
648 2348 1005 2409 CCCCVIIII,
1057 2350 1224 2398 Roma
1262 2368 1292 2399 a
1331 2350 1520 2399 Gothis
1562 2350 1736 2412 fracta,
1780 2368 1842 2399 ex
1880 2369 1982 2415 quo
2013 2362 2038 2398 i.
2064 2376 2110 2400 11.

376 2432 612 2493 tempore
639 2432 862 2480 Romani
887 2433 943 2480 in
970 2433 1233 2482 Brittania
1256 2451 1472 2498 regnare
1498 2437 1778 2484 cessarunt.

443 2515 603 2562 Anno
631 2515 971 2577 CCCCXXX,
1004 2516 1273 2565 Palladius
1306 2518 1368 2565 ad
1403 2518 1604 2567 Scottos
1629 2518 1684 2566 in
1712 2518 1981 2568 Christum
2011 2535 2037 2570 i.
2062 2547 2108 2578 13.

373 2597 642 2645 credentes
696 2616 725 2647 a
774 2599 1067 2648 Caelestino
1120 2617 1252 2663 papa
1306 2599 1511 2663 primus
1531 2601 1546 2625 ³
1595 2602 1825 2650 mittitur
1877 2603 1977 2666 epi-

373 2696 570 2742 scopus.

437 2764 598 2811 Anno
634 2764 1090 2817 CCCCXLVIIII,
1117 2766 1411 2814 Marcianus
1446 2784 1566 2816 cum
1604 2768 1977 2818 Ualentiniano
2007 2775 2104 2821 i-15-

370 2846 651 2908 imperium
685 2848 986 2911 suscipiens,
1027 2849 1138 2897 VII
1174 2850 1328 2898 annis
1365 2851 1548 2912 tenuit,
1582 2869 1806 2914 quorum
1843 2855 1971 2901 tem-

367 2946 489 2991 pore
532 2931 697 2993 Angli
735 2948 764 2979 a
801 2932 1145 2981 Brettonibus
1182 2933 1444 2982 accersiti4
1485 2934 1802 2984 Brittaniam
1842 2936 1972 2984 adie-

365 3028 503 3061 runa

420 3148 433 3169 ¹
463 3153 606 3190 -niam
629 3153 685 3192 N.
913 3153 928 3175 2
959 3166 1169 3194 romanae
1191 3154 1248 3194 M.
1275 3155 1350 3204 Hl.
1553 3155 1568 3178 ³
1598 3158 1774 3208 primus
1795 3172 1868 3199 om.
1891 3159 1966 3208 H„

362 3215 376 3237 4
406 3218 586 3256 arcesiti
609 3219 668 3258 M.
