2240 3444
366 155 474 206 396
866 147 1127 201 Historia
1164 143 1453 198 Abbatwm

83 324 278 360 Hetakes
429 286 497 355 23.
533 297 688 356 Igitur
721 294 941 342 omnibus
971 292 1168 351 paratis,
1202 294 1251 336 et
1285 288 1362 334 die
1395 285 1707 345 profectionis
1738 284 1968 340 instante,
1999 287 2127 324 Baed-

79 376 192 409 leave
209 375 253 409 of
265 373 339 407 the
368 372 652 418 conuocauit
681 371 732 414 in
767 368 1050 415 aecclesiam
1082 368 1256 411 fratres
1289 363 1370 420 qui
1408 363 1545 407 erant
1587 360 1638 403 in
1681 357 1971 404 monasterio
2001 339 2023 385 ἓ
2050 349 2099 382 17·

82 425 292 461 brethren.
368 448 500 493 beati
544 446 689 502 Petri,
735 447 786 490 et
818 458 938 500 quae
983 441 1260 498 disponeret
1298 436 1482 495 pandit.
1561 434 1766 479 Flebant
1810 448 1973 478 omnes

369 524 564 566 ruentes
606 520 657 564 in
698 519 884 570 faciem,
928 516 1167 574 pedesque
1216 512 1345 556 illius
1393 507 1807 566 adprehenduntl,
1857 507 1974 552 fusis

370 595 578 641 lacrimis
613 595 875 648 obsecrant,
900 606 959 636 ne
992 593 1094 634 tam
1127 586 1411 644 repentinus
1444 584 1741 637 abscederet,
1775 583 1857 627 sed
1893 583 1975 627 uel

370 686 466 715 una
517 669 595 714 die
650 668 778 725 apud
831 682 907 711 eos
960 663 1250 709 subsisteret.
1327 658 1593 716 Adquieuit
1645 656 1972 715 precantibus,

371 744 640 799 mansitque
664 742 790 799 apud
814 756 892 786 eos
914 739 992 784 die
1017 738 1103 781 illa
1127 739 1174 781 et
1195 737 1350 787 nocte,
1376 736 1481 779 erat
1503 735 1667 778 autem
1687 731 1836 777 tertia
1855 731 1976 776 feria

373 822 486 864 ante
519 817 808 862 dominicam
842 815 969 859 diem
1002 812 1335 863 Pentecosten,
1366 812 1415 854 et
1447 822 1602 860 mane,
1635 806 1977 852 comitantibus

373 893 603 951 plurimiS,
628 891 866 948 profectus
891 890 963 933 est
981 888 1040 931 ad
1066 887 1235 931 fratres
1257 884 1436 942 positos
1458 882 1510 926 in
1531 882 1821 928 monasterio
1843 880 1977 926 beati

376 968 527 1023 Pauli,
566 967 844 1021 locutusque
890 979 997 1008 cum
1043 961 1122 1014 eis,
1165 959 1278 1016 quia
1326 957 1460 1003 abire
1510 956 1609 1002 iam
1653 955 1978 1014 disposuisset,

376 1041 623 1086 indicauit.
687 1038 779 1083 Et2
801 1037 896 1081 illis
921 1036 1127 1080 multum
1159 1033 1472 1092 plorantibus,
1497 1047 1552 1077 ac
1584 1032 1643 1077 de
1668 1031 1852 1090 sulbito
1876 1030 1978 1075 eius
2008 1035 2036 1072 f.
2059 1037 2101 1071 28
2119 1047 2156 1071 a.

377 1118 571 1162 decessu
594 1113 810 1160 turbatis,
836 1112 1010 1157 leniter
1031 1125 1085 1154 ac
1108 1110 1283 1153 blande
1309 1108 1482 1152 affatus
1504 1106 1766 1163 uniuersos,
1790 1105 1980 1164 rogauit

377 1191 463 1237 ut3
496 1190 722 1247 regulam,
757 1203 899 1244 quam
932 1186 1171 1237 docuerat,
1204 1185 1465 1236 seruarent,
1500 1181 1552 1226 in
1582 1182 1754 1227 timore
1787 1181 1982 1226 Domini

378 1266 725 1324 permanerent,
759 1277 915 1318 neque
958 1261 1065 1313 iter,
1100 1260 1226 1317 quod
1263 1261 1593 1316 proposuerat,
1625 1257 1722 1302 suis
1760 1257 1980 1314 precibus

379 1340 658 1395 fletibusque
691 1336 978 1394 inpedirent,
1015 1339 1063 1380 et
1097 1334 1156 1387 ei,
1191 1333 1230 1378 si
1264 1333 1378 1390 quid
1415 1331 1820 1389 intemperantius
1858 1331 1981 1376 iusto

380 1414 569 1473 egisset,
589 1412 781 1458 ueniam
805 1412 989 1463 darent,
1015 1409 1127 1466 quia
1151 1412 1199 1454 et
1223 1408 1322 1466 ipse
1348 1407 1544 1460 cunctis,
1571 1407 1654 1463 qui
1676 1422 1724 1452 se
1748 1406 1800 1450 in
1821 1405 1983 1463 aliquo

381 1489 694 1541 offenderant,
739 1486 836 1530 iam
881 1489 986 1530 toto
1033 1500 1091 1530 ex
1142 1485 1282 1529 corde
1330 1481 1586 1535 dimiserit,
1631 1480 1982 1538 Dominumque

380 1564 596 1610 omnibus
618 1564 862 1620 placatum
885 1576 982 1606 esse
1010 1563 1058 1605 et
1080 1563 1195 1604 tunc
1219 1562 1268 1605 et
1291 1573 1480 1616 semper
1503 1557 1762 1615 optauerit.

441 1652 510 1693 24.
543 1638 650 1682 Non
692 1639 855 1681 autem
886 1651 1053 1692 parum
1094 1634 1175 1678 diu
1209 1633 1540 1679 obnitentibus
1570 1632 1768 1677 tandem
1802 1633 1851 1676 et
1883 1629 1984 1688 ipse
2014 1634 2070 1673 ib.

383 1713 585 1757 multum
608 1710 862 1755 lacrimans
885 1708 1112 1762 obtinuit,
1127 1708 1351 1765 quatinus
1376 1708 1420 1753 ei
1444 1723 1552 1752 cum
1575 1705 1912 1752 benedictione
1936 1707 1986 1750 et

382 1786 542 1845 gratia
594 1784 787 1830 decenti
833 1782 999 1828 uiandi
1048 1782 1298 1828 licentiam
1347 1783 1530 1835 darent,
1575 1781 1989 1839 precabanturque

384 1861 574 1916 obnixe,
596 1863 648 1904 ut
662 1860 701 1904 si
724 1860 783 1903 ad
803 1860 1053 1904 beatorum
1068 1857 1404 1914 Apostolorum
1422 1857 1528 1902 loca
1546 1871 1679 1901 sacra
1694 1854 1988 1913 perueniret,

385 1936 560 1981 crebris
595 1950 672 1980 eos
706 1933 787 1977 in4
821 1933 1041 1991 precibus
1076 1931 1280 1977 Domino
1315 1932 1703 1987 commendaret,
1739 1928 1811 1974 si⁵
1844 1931 1990 1974 antea

382 2010 621 2062 transiret,
684 2023 771 2066 pro
829 2023 989 2054 eorum
1048 2022 1236 2064 semper
1297 2005 1632 2051 incolumitate
1686 2004 1989 2050 intercedere

383 2084 692 2129 meminisset.

431 2171 501 2216 25.
535 2159 778 2203 Profectus
796 2159 867 2201 est
883 2156 959 2201 die
978 2155 1185 2211 eodemss,
1201 2155 1302 2200 siue
1319 2154 1554 2201 desiderio
1570 2153 1737 2199 uiandi
1752 2166 1989 2203 accensus,
2020 2162 2075 2198 ib.

390 2249 471 2279 seu
494 2232 764 2290 lugentium
787 2232 988 2275 fratrum
1010 2231 1144 2276 tedio
1173 2231 1444 2287 conpulsus,
1468 2228 1770 2287 praecipiens
1798 2230 1852 2271 ut
1882 2241 1992 2271 cum

390 2322 501 2351 suae
551 2306 706 2363 gratia
758 2305 1119 2358 benedictionis,
1177 2304 1314 2349 iuxta
1366 2305 1583 2362 regulam
1636 2301 1791 2347 sancti
1839 2300 1993 2358 patris

392 2380 643 2426 Benedicti
686 2383 733 2425 et
775 2379 847 2424 sui
891 2381 1075 2424 statuta
1117 2379 1375 2437 priuilegii‚
1421 2392 1769 2435 quemcumque
1805 2377 1863 2421 de
1899 2374 1995 2419 suis

390 2455 655 2513 digniorem
677 2456 917 2511 putarent,
938 2454 1161 2499 abbatem
1183 2453 1274 2498 sibi
1297 2453 1662 2499 constituissent
1674 2450 1705 2497 ⁷.
1767 2450 1996 2496 Rediens-

391 2544 480 2585 que
506 2530 564 2573 ad
597 2528 941 2573 monasterium
973 2528 1103 2573 beati
1137 2528 1266 2574 Petri
1304 2544 1414 2573 mox
1447 2543 1587 2572 mane
1623 2528 1766 2581 facto,
1801 2528 1997 2571 cantata

394 2602 564 2647 missa8
606 2604 666 2647 ad
709 2605 927 2647 sanctum
972 2603 1179 2657 Petrum,
1216 2606 1265 2648 et
1296 2604 1356 2648 ad
1401 2606 1620 2647 sanctam
1665 2600 1884 2654 Mariam,
1930 2602 1995 2655 et,

395 2676 862 2722 communicantibus
911 2676 992 2733 qui
1042 2677 1252 2731 aderant,
1306 2676 1565 2722 confestim
1614 2678 1810 2733 paratus
1856 2676 1998 2719 uocat

392 2752 564 2796 fratres
587 2766 750 2796 omnes
773 2751 823 2794 in
846 2751 1129 2796 aecclesiam
1159 2752 1162 2807 Ι
1191 2751 1323 2797 beati
1348 2751 1490 2804 Petri,
1516 2753 1653 2809 rogat
1675 2765 1759 2807 pro
1784 2764 1831 2794 se
1850 2762 1996 2801 orare,
2026 2750 2055 2788 f·
2078 2754 2121 2787 28
2140 2752 2176 2786 b-

394 2825 513 2870 dicit
547 2828 594 2869 et
623 2826 721 2882 ipse
755 2826 1040 2881 orationem,
1070 2825 1293 2871 accendit
1323 2822 1606 2882 thymiama,
1636 2825 1913 2880 habensque
1946 2821 1999 2865 in

396 2915 537 2943 manu
548 2900 836 2944 turribulum
847 2899 1088 2944 consistit⁹
1104 2900 1155 2944 in
1169 2900 1407 2958 gradibus,
1420 2899 1504 2944 ubi
1521 2900 1680 2958 legere
1691 2895 2001 2952 consueratw,

397 2973 478 3017 dat
498 2973 708 3017 osculum
726 2973 960 3031 plurimis,
977 2988 1087 3017 nam
1109 2988 1169 3019 ne
1193 2973 1416 3018 omnibus
1439 2976 1615 3031 posset,
1633 2973 1768 3017 luctu
1784 2974 1833 3017 et
1850 2986 1933 3016 suo
1952 2973 2002 3016 et

452 3088 462 3110 ¹
497 3090 672 3129 -dentcs
694 3090 730 3128 δ2
749 3104 798 3129 on
818 3105 986 3131 erasure.
1129 3090 1144 3113 ²
1173 3094 1284 3131 tunc
1306 3093 1343 3132 δ.
1501 3094 1516 3116 ³
1546 3094 1598 3131 ut
1627 3105 1705 3131 om.
1725 3092 1761 3131 δ.
1905 3088 1919 3112 4
1950 3090 2001 3128 in

397 3163 527 3197 erased
549 3161 582 3199 δ.
697 3159 712 3181 ⁵
744 3162 781 3199 si
803 3174 909 3200 uero
931 3163 967 3202 δ.
1071 3160 1085 3181 ⁰
1113 3162 1270 3201 eodem
1292 3162 1400 3200 inde
1421 3163 1454 3202 δ.
1571 3160 1587 3183 ⁷
1616 3161 1945 3201 constituerent
1965 3160 1999 3200 δ.

405 3230 417 3248 ⁸
450 3229 584 3267 missa
605 3242 678 3268 om.
701 3231 735 3269 δ.
848 3230 863 3253 ⁹
892 3231 1096 3270 constitit
1118 3231 1150 3271 δ.
1281 3230 1311 3253 ¹⁰
1340 3233 1464 3270 -rant
1487 3231 1522 3270 δ.
