2240 3444
247 153 344 193 Cap,
369 148 465 201 XL]
743 140 934 194 Gentis
960 132 1317 210 'Anylorum
1727 144 1825 194 105

245 286 430 334 stianae
474 285 595 345 fidei
640 290 850 346 suscepto
895 287 1107 334 mirabili-
1143 291 1448 346 sacramento,
1491 288 1593 347 piae‘s
1639 292 1679 335 et
1731 290 1832 335 Deo

234 368 432 427 placitis
458 369 629 428 iugiter
662 369 877 428 operibus
907 370 1141 427 enitescat,
1172 370 1230 416 ab
1264 370 1497 417 idolorum
1529 371 1671 416 ctiam
1701 372 1832 417 cultu

243 464 325 497 seu
362 451 599 509 fimorum
641 452 1044 510 auquriorumque
1081 452 1323 499 inlecebris
1362 465 1409 499 se
1452 452 1699 511 diliqenter
1732 454 1832 499 abs-

247 534 408 593 tineat,
439 537 481 581 et
509 534 580 580 ita
603 535 655 580 in
688 548 842 581 amore
864 533 1162 581 Redemtoris
1185 535 1262 581 sui
1285 534 1564 581 ‘inmutilata
1593 535 1835 581 deuotione

238 619 498 677 persistens
525 616 750 676 inuiqiless
780 619 835 663 ut
868 616 932 663 ad
961 616 1264 663 dilatandam
1299 615 1625 665 Christianam
1650 616 1830 675 fidem¹

250 699 589 746 incessabiliter
616 714 712 746 non
749 699 944 746 desistat
975 714 1164 759 operam
1193 699 1486 746 commodare
1502 715 1517 756 ,·
1556 714 1751 758 eumque
1781 699 1836 746 de

246 782 444 842 qlorioso
470 781 662 841 coniuqe
688 784 842 828 uestro
859 784 1070 840 paterna
1101 782 1281 828 caritas
1302 782 1496 828 sollicite
1508 782 1830 841 perquisisset,

251 864 569 924 eoqnouimus,
599 862 725 922 quod
756 866 949 911 eatenus
983 863 1320 910 abominandis
1346 863 1488 910 idolis
1518 865 1742 922 seruiens,
1775 863 1840 910 ad

249 946 600 1006 suscipiendam
624 960 783 993 uocem
796 946 1189 1006 praedicatorum
1212 960 1354 993 suam
1380 946 1614 993 distulerit
1632 946 1839 993 obedien-

252 1030 369 1076 tiam
409 1029 629 1076 eoeliibere.
709 1028 815 1089 Qua
855 1043 910 1075 eac
946 1043 994 1075 re
1030 1043 1127 1075 non
1162 1028 1348 1076 modica
1390 1029 1526 1076 nobis
1566 1029 1840 1075 amaritudo

251 1115 467 1172 conqesta
491 1114 569 1171 est,
601 1108 691 1158 αῖ)2
716 1125 778 1171 eo,
809 1111 934 1171 quod
954 1126 1078 1171 pars
1104 1113 1311 1171 corporis
1340 1112 1487 1158 uestri
1512 1112 1571 1158 ab
1601 1112 1841 1172 aqnitione

251 1209 464 1242 sununae
489 1197 531 1242 et
553 1194 840 1241 indiuiduae
865 1194 1118 1241 Tre‘nitatis
1141 1195 1369 1241 remansit
1387 1198 1621 1241 extranea.
1705 1193 1842 1241 Unde

248 1279 462 1338 paternis
505 1278 672 1337 officiis
715 1281 902 1324 uestrae
945 1278 1174 1338 qloriosae
1222 1275 1579 1325 Christianitati
1630 1280 1843 1323 nostram

253 1376 461 1408 common
469 1358 680 1408 itionem3
698 1375 794 1407 non
809 1359 824 1382 4
845 1361 1124 1407 distulimus
1140 1359 1499 1419 conferenclam;
1520 1359 1838 1417 adhortantes,

254 1445 485 1503 quatinus
514 1443 710 1490 diuinae
740 1443 1072 1503 inspirationis
1108 1443 1283 1489 inbuta
1314 1442 1555 1502 subsidiis⁷
1597 1443 1844 1501 inportune

26 1536 62 1573 af.
83 1550 100 1571 2
119 1536 220 1572 Tim.
254 1530 297 1575 et
337 1530 562 1586 oportune
602 1527 842 1586 aqendum
877 1541 974 1573 non
1011 1524 1220 1585 differas,
1257 1528 1313 1572 ut
1349 1528 1391 1572 et
1427 1525 1534 1584 ipse,
1573 1524 1845 1572 Saluatoris

26 1598 62 1623 v.
83 1598 110 1621 ²'
256 1611 409 1657 nostri
441 1610 641 1657 Domini
676 1610 793 1656 Iesu
830 1606 1007 1656 Christi
1042 1611 1310 1668 cooperante
1338 1608 1568 1668 potentia,
1614 1605 1842 1655 Christia-

257 1707 427 1740 norum
454 1707 649 1740 numero
685 1692 925 1752 copuletur
943 1708 958 1749 ,·
995 1695 1051 1738 ut
1075 1691 1275 1750 perinde
1303 1692 1577 1738 intemerato
1609 1690 1844 1736 societatis

244 1775 434 1834 foedere
463 1777 575 1822 iura
603 1778 761 1822 teneas
782 1774 1022 1822 maritalis
1058 1773 1288 1821 consortii.
1363 1772 1603 1832 Scriptum
1638 1785 1844 1830 namque

27 1866 224 1910 3en.ii.24;
255 1861 356 1905 est:
400 1857 595 1904 ‘Erunt
637 1857 730 1904 duo
771 1858 824 1904 in
865 1871 1005 1903 carne
1045 1855 1178 1903 una.'
1254 1855 1492 1916 Quomodo
1533 1869 1636 1914 erqo
1677 1855 1844 1900 unitas

20 1916 160 2010 ,ἓξὲξ
255 1940 392 1987 uobis
429 1941 771 1987 coniunctionis
807 1940 957 1987 inesse
996 1939 1090 1985 diei
1125 1940 1313 1998 poterit,
1356 1938 1398 1985 si
1440 1952 1471 1984 a
1506 1940 1690 1984 uestrae
1723 1936 1843 1995 fidei

22 2016 197 2110 ffafisshx·
256 2023 509 2083 splendore,
554 2023 841 2082 interpositis
883 2022 1169 2069 detestabilis
1208 2021 1377 2068 erroris
1414 2020 1625 2079 tenebris,
1667 2019 1746 2066 ille
1781 2033 1845 2066 re-

28 2092 55 2148 r.²
70 2127 118 2159 31.
176 2091 183 2100 ⁹
255 2107 485 2153 manserit
509 2105 732 2152 alienus?

331 2188 468 2237 Unde
503 2188 705 2236 orationi
742 2189 990 2235 continuae
1025 2187 1249 2235 insistens
1290 2201 1321 2233 a
1357 2186 1717 2246 lonqanimitate
1753 2198 1846 2231 eae—

258 2272 386 2320 lestis
422 2273 692 2320 clementiae
725 2271 1114 2318 inluminationis
1153 2270 1307 2329 ipsius
1344 2269 1566 2328 beneficia
1613 2269 1847 2327 inpetrare

255 2370 351 2403 non
387 2355 609 2413 desinas;
647 2357 703 2402 ut
736 2354 966 2412 uidelicet,
997 2368 1112 2413 quos
1144 2353 1377 2412 copulatio
1408 2351 1617 2399 carnalis
1649 2349 1850 2408 affectus

256 2453 406 2485 unum
446 2438 652 2498 quodam
700 2437 837 2484 modo
884 2450 1054 2496 eorpus
1099 2436 1362 2483 exhibuisse
1407 2437 1713 2492 monstratur,
1767 2432 1851 2479 lios

257 2535 436 2580 quoque
476 2521 641 2568 unitas
678 2520 797 2579 fidei
835 2521 978 2567 etiam
1004 2521 1116 2578 post
1152 2518 1298 2565 liuius
1332 2517 1463 2565 uitae
1498 2516 1758 2562 transitum
1796 2515 1848 2560 in

84 2621 227 2665 1:361),
248 2606 478 2663 perpetua
513 2604 726 2650 societate
761 2605 1010 2649 conseruet.
1093 2599 1098 2662 Ι
1130 2600 1310 2647 Insiste
1343 2614 1459 2659 erqo,
1486 2599 1690 2658 qloriosa
1714 2597 1841 2656 filia,

259 2689 303 2732 et
327 2686 528 2733 summis
552 2685 797 2733 conatibus
829 2685 1062 2732 duritiam
1097 2683 1250 2731 cordis
1285 2683 1438 2742 ipsius
1471 2681 1690 2741 reliqiosa
1728 2679 1848 2725 diui-

260 2781 437 2814 norum
467 2771 824 2828 praeceptorum
857 2767 1187 2815 insinuatione
1220 2765 1405 2813 mollire
1439 2775 1735 2821 summopere
1778 2760 1846 2807 de·

261 2853 491 2908 matura;
529 2851 797 2910 infundens
821 2851 1041 2898 sensibus
1055 2850 1170 2905 eius,
1187 2852 1424 2909 quantum
1442 2847 1505 2895 sit
1518 2845 1843 2905 praeclarum,

261 2933 388 2993 quod
429 2933 653 2980 credendo
690 2934 952 2993 suscepisti,
994 2932 1288 2993 mysterium,
1331 2931 1629 2989 quantumue
1668 2927 1732 2974 sit
1769 2925 1850 2973 ad·

261 3015 492 3074 mirabile,
523 3016 645 3075 quod
676 3019 847 3063 renata
871 3016 1147 3075 praemium
1184 3011 1404 3071 consequi
1433 3009 1666 3057 meruisti.
1741 3008 1850 3055 Fri-

259 3098 512 3158 9iditatem
570 3097 723 3146 cordis
781 3098 934 3158 ipsius
990 3097 1160 3146 Sancti
1211 3095 1424 3154 Spiritus
1482 3091 1850 3139 adnuntiatione

318 3206 330 3228 ¹
362 3205 467 3244 fidei
488 3205 546 3244 M.
681 3203 696 3226 ²
725 3205 779 3244 ob
800 3205 859 3244 M.
882 3205 932 3245 B.
1077 3203 1091 3225 ³
1123 3214 1351 3242 commun·
1374 3201 1419 3240 C.
1438 3199 1503 3239 B1.
1644 3197 1658 3220 ⁴
1687 3211 1768 3237 nec
1788 3198 1844 3238 M.
