2240 3444
31 2780 80 2816 cf.
103 2781 163 2816 Ps.

31 2831 143 2866 lxvii.
165 2842 193 2875 7.

273 159 369 197 ΟΜ).
395 153 468 204 IL]
780 144 970 197 Gentis
1007 145 1348 213 Angylorum.
1789 146 1853 195 81

272 288 363 346 est,
394 286 606 348 perfecit
633 303 761 348 opus
787 286 873 333 diu
901 286 1247 334 desideratum
1272 305 1282 346 ;
1320 287 1445 334 alios
1480 286 1690 348 quidem
1717 303 1857 347 prae-

271 369 521 417 dicatores
557 369 784 428 mitt-ens,
829 369 917 415 sed
962 368 1069 430 ipse
1111 368 1546 430 praedicationem
1589 371 1647 415 ut
1687 368 1855 415 fructi-

271 451 457 503 ficaret.
512 452 620 499 suis
666 451 1112 498 exhortationibus
1171 468 1227 499 ac
1287 451 1523 513 precibus
1583 451 1849 498 adiuuans.

271 533 414 581 Haec
451 534 594 581 iuxta
630 533 941 595 opinionem,
985 550 1142 595 quam
1179 534 1241 581 ab
1279 533 1508 595 antiquis
1545 533 1850 594 accepimus,

271 616 516 664 historiae
578 618 783 663 nostrae
833 616 1202 663 ecclesiasticae
1261 617 1486 663 inserere
1542 617 1856 677 oportunum

272 699 528 747 duximus.

921 838 1076 887 OAP.
1130 838 1204 887 II.

276 965 322 1000 Ut
347 965 600 1010 Auynstinus
629 965 853 1000 Brettomcm
886 965 1070 1009 episcopos
1092 976 1164 1010 pro
1186 976 1280 1010 pace
1310 965 1502 1013 catholica,
1534 966 1649 1001 etlam
1674 966 1861 1001 miraculo

393 1032 536 1066 caelesti
557 1042 683 1067 coram
703 1031 757 1067 eis
767 1031 885 1079 facte,
910 1032 1129 1077 monuerit,-
1160 1042 1304 1075 quaeue
1323 1032 1405 1067 illos
1425 1034 1640 1076 spernentes
1659 1032 1751 1067 uitio

966 1099 1094 1133 secuta
1113 1097 1176 1134 sit.

341 1193 575 1240 INTEREA
593 1194 924 1256 Augustinus
944 1194 1196 1263 adiutorio
1216 1211 1340 1242 usus
1358 1195 1679 1243 Aedilbercti
1696 1194 1708 1218 ¹
1730 1194 1863 1258 regis

273 1276 576 1323 conuocauit
599 1277 661 1324 ad
688 1293 841 1324 suum
863 1276 1178 1339 colloquium
1204 1278 1469 1339 episcopos
1493 1278 1603 1326 siue
1630 1279 1863 1326 doctores

271 1361 534 1420 proximae
577 1360 890 1406 Brettonum
938 1359 1234 1422 prouinciae
1282 1360 1339 1407 in
1387 1360 1509 1421 loco,
1565 1361 1652 1422 qui
1700 1377 1864 1423 usque

272 1440 424 1488 hodie
449 1441 630 1504 lingua
653 1441 948 1503 Anglorum
975 1442 1358 1505 Augustinaes2
1383 1431 1474 1503 Ac,
1506 1443 1558 1491 id
1597 1445 1674 1490 est
1709 1444 1864 1491 robur

272 1523 570 1586 Augustini,
607 1524 663 1572 in
702 1524 925 1572 confinio
962 1525 1333 1573 Huicciorum3
1367 1527 1418 1573 et
1456 1526 1864 1574 Occidentalium

274 1605 538 1653 Saxonum
581 1606 899 1668 appellatur3
953 1607 1220 1669 coepitque
1279 1608 1353 1655 eis
1410 1608 1636 1655 fraterna
1694 1609 1863 1656 admo-

274 1688 472 1736 nitione
505 1690 727 1750 suadere,
766 1691 825 1737 ut
864 1706 984 1752 pace
1025 1690 1274 1738 catholica
1306 1707 1481 1738 secum
1519 1691 1695 1739 habita
1733 1708 1865 1739 com-

271 1787 486 1819 munem
523 1772 915 1834 euangelizandi
952 1773 1195 1835 gentibus
1230 1790 1323 1835 pro
1366 1773 1594 1821 Domino
1637 1774 1863 1822 laborem

273 1853 606 1916 susciperent.
664 1854 782 1902 Non
807 1854 950 1902 enim
976 1856 1193 1917 paschae
1218 1855 1356 1903 diem
1375 1859 1391 1881 ⁴
1423 1856 1748 1904 dominicum
1774 1873 1866 1904 suo

273 1938 519 1998 tempore,
552 1937 639 1984 sed
676 1937 736 1985 a5
763 1937 939 1984 XIIII
977 1954 1139 2000 usque
1175 1939 1238 1986 ad
1277 1939 1381 1986 XX
1417 1939 1597 1987 lunam
1636 1940 1867 1987 obserua-

274 2019 434 2079 bant3
478 2036 608 2081 quae
648 2020 963 2082 computatio
1005 2021 1334 2069 LXXXIIII
1375 2039 1634 2070 annorum
1678 2022 1866 2070 circulo

274 2102 582 2151 continetur.
662 2103 762 2151 Sed
800 2104 851 2150 et
886 2103 986 2151 alia
1024 2103 1250 2165 plurima
1279 2104 1471 2152 unitati
1500 2105 1867 2153 ecclesiasticae

274 2185 527 2233 contraria
594 2185 861 2235 faciebant.
965 2187 1065 2247 Qui
1123 2204 1242 2235 cum
1302 2187 1458 2249 longa
1517 2189 1865 2250 disputatione

274 2268 460 2329 habita,
521 2285 687 2330 neque
744 2268 992 2330 precibus,
1059 2286 1226 2332 neque
1285 2270 1642 2331 hortamentis,
1697 2289 1866 2334 neque

274 2350 710 2413 increpationibus
741 2351 1026 2414 Augustini
1063 2368 1119 2399 ac
1155 2353 1411 2400 sociorum
1448 2354 1558 2401 eius
1588 2355 1865 2402 adsensum

274 2434 514 2496 praebere
555 2434 860 2494 uoluissent,
906 2436 996 2483 sed
1037 2451 1155 2483 suas
1191 2435 1365 2497 potius
1406 2437 1712 2484 traditiones
1757 2438 1868 2485 uni-

274 2516 450 2577 uersis,
496 2533 625 2579 quae
671 2533 763 2579 per
806 2517 982 2565 orbem
1025 2518 1124 2565 sibi
1172 2518 1229 2565 in
1278 2518 1484 2567 Christo
1534 2521 1859 2581 concordant,

276 2598 502 2646 ecclesiis
544 2600 874 2661 praeferrent,
920 2602 1128 2648 sanctus
1175 2603 1321 2663 pater
1360 2602 1692 2664 Augustinus
1728 2603 1868 2651 hunc

275 2679 516 2728 laboriosi
552 2699 608 2729 ac
644 2682 788 2744 longi
828 2683 1124 2730 certaminis
1162 2683 1325 2731 finem
1363 2684 1498 2745 fecit,
1543 2688 1599 2733 ut
1642 2686 1866 2733 diceret:

283 2763 652 2812 ‘Obsecremus
699 2765 884 2825 Deum,
933 2766 1022 2827 qui
1065 2765 1300 2814 habitare
1342 2766 1461 2814 facit
1501 2768 1773 2815 unanimes
1811 2768 1867 2815 in

278 2847 437 2894 domu
475 2847 646 2894 Patris
682 2848 776 2908 sui,
818 2850 878 2896 ut
916 2848 1027 2909 ipse
1065 2848 1218 2896 nobis
1259 2849 1522 2897 insinuare
1562 2850 1869 2898 caelestibus

277 2929 440 2991 signis
465 2929 720 2990 dignetur,
754 2947 884 2992 quae
910 2932 1172 2993 sequenda
1196 2932 1418 2990 traditio,
1452 2933 1639 2994 quibus
1670 2933 1737 2981 sit
1767 2933 1869 2981 uiis

276 3012 338 3059 ad
378 3011 672 3073 ingressum
714 3014 862 3075 regni
905 3014 1047 3061 illius
1094 3016 1489 3076 properandum.
1566 3016 1871 3063 Adducatur

330 3136 343 3158 1
374 3136 662 3175 aebilberchti
685 3137 731 3176 C.
837 3136 851 3158 2
880 3150 949 3188 ag·
972 3139 1016 3178 C.
1110 3139 1126 3164 3
1159 3141 1304 3179 uuicc-
1327 3139 1387 3187 C;
1417 3141 1530 3179 uicc-
1554 3141 1604 3180 B.
1705 3141 1719 3163 ⁴
1750 3142 1869 3182 dom.

275 3203 396 3242 diem
418 3203 476 3240 M.
499 3201 571 3240 Hl.
683 3202 698 3223 ⁵
725 3215 749 3241 a
769 3216 839 3241 om.
857 3204 914 3242 M.

1030 3291 1063 3323 G

1894 1202 2141 1239 Conference

1893 1254 1938 1288 of
1952 1254 2109 1296 Augus-

1892 1303 1980 1337 tine
1998 1302 2099 1336 with

1892 1353 1964 1388 the
1983 1351 2141 1386 British

1894 1402 2069 1446 Bishops
2087 1405 2129 1435 at

1894 1453 2052 1495 Augus-

1893 1502 2014 1537 tine’s
2032 1500 2133 1535 Oak.
