2240 3444
271 132 368 173 cip.
390 129 745 182 xx11[xxlv].]
826 122 1015 176 Gentis
1056 127 1097 177 A
1119 127 1390 195 afiorum.
1734 141 1837 189 5259

268 266 648 328 conpunctione
696 269 987 330 conpositis,
1047 272 1097 318 in
1154 291 1255 324 sua.
1314 277 1358 323 id
1410 283 1479 325 vsi
1535 283 1832 338 Anglorum.

266 350 447 412 lingua
471 351 735 412 proferret.
810 353 968 401 Cuius
1000 356 1314 404 carminibus
1352 362 1625 410 multon-mn
1660 367 1834 425 suem-¹

266 432 429 480 animi
463 434 523 481 ad
559 438 880 483 contemtum
921 439 1122 489 saeculi.
1155 441 1205 485 et
1235 443 1515 501 appetitum
1556 451 1669 491 sunl
1708 448 1837 493 uita«¹

266 514 497 563 caelestis
545 517 758 565 accensi.
836 519 902 565 Et
947 520 1153 580 quidem
1204 524 1254 568 ot,
1301 523 1385 568 alii
1437 528 1542 584 post
1595 527 1737 573 illum
1786 529 1832 574 in

264 600 418 659 gente
454 598 749 659 Anglorum
786 600 1024 662 religiosa
1062 607 1295 663 poemata
1333 606 1833 661 faccr‹=l‹·1111:11·.·1nt:

266 680 354 728 sed
389 680 393 731 Ι
427 680 606 728 nullus
655 698 775 729 eum
824 683 1150 744 aequiparare
1194 685 1371 745 potuit.
1450 687 1683 749 Namqm·
1734 691 1836 750 ipse

261 779 366 810 non
409 763 473 810 ab
522 763 836 823 hominibus,
891 781 1057 826 neque
1104 783 1194 827 per
1240 767 1503 815 hominem
1555 770 1832 823 institutus,

219 900 226 908 ,
258 845 476 893 canendi
523 848 687 893 artem
744 847 934 904 didicit,
989 848 1076 894 sed
1130 848 1381 896 diuinitus
1432 851 1634 898 adiutus
1686 854 1839 909 gratis

260 929 478 976 canendi
522 930 717 976 donum
761 929 968 990 accepit.
1046 930 1199 978 Unde
1248 932 1322 978 nil
1371 950 1615 994 umquam
1665 935 1835 982 friuoli

258 1014 309 1059 et
345 1011 652 1073 superuacui
687 1011 941 1072 poematis
976 1012 1138 1059 facere
1174 1014 1356 1074 potuit,
1395 1015 1480 1061 sed
1519 1033 1573 1062 ea
1610 1019 1833 1064 tantum-

259 1094 426 1154 modo,
470 1110 599 1156 quae
635 1095 697 1141 ad
735 1094 1039 1156 religionem
1073 1095 1347 1155 pertinent,
1381 1097 1699 1157 religiosanff
1730 1100 1836 1145 eius

258 1176 497 1239 linguam
523 1176 783 1224 decebant.
858 1176 1124 1238 Siquidem
1144 1177 1199 1224 in
1219 1178 1396 1225 habitu
1414 1179 1655 1227 saeculari
1676 1198 1835 1242 usque

257 1259 319 1306 ad
362 1260 596 1322 tempora
634 1259 1001 1321 prouectioris3
1043 1262 1224 1307 aetatis
1264 1262 1585 1310 constitutus,
1628 1262 1699 1308 nil
1738 1279 1834 1309 car-

258 1341 464 1390 minum
505 1342 783 1404 aliquando
826 1342 1084 1389 didicerat.
1162 1343 1315 1390 Unde
1350 1359 1740 1405 nonnumquam
1780 1345 1831 1391 in

258 1424 509 1485 conuiuio,
540 1441 659 1472 cum
685 1427 818 1472 esset
843 1424 1068 1472 laetitiae
1098 1441 1246 1472 causa
1271 1425 1543 1475 decretum.
1575 1429 1631 1473 ut
1657 1443 1834 1473 omnes

257 1523 349 1568 per
381 1507 619 1555 ordinem
653 1509 858 1555 cantare
891 1507 1148 1566 deberent,
1180 1507 1279 1566 ille.
1311 1507 1398 1554 ubi
1431 1508 1833 1570 adpropinquare

259 1589 357 1638 sibi
405 1589 656 1638 citharam
706 1590 957 1648 cernebat,
1000 1589 1239 1651 surgebat
1287 1606 1315 1636 a
1364 1590 1532 1637 media
1571 1606 1736 1639 caena.
1781 1593 1828 1637 et

258 1689 490 1736 egressus
516 1673 579 1720 ad
606 1689 753 1720 suam
779 1673 992 1720 domum
1019 1672 1303 1733 repedabat.

326 1756 473 1816 Quod
499 1755 626 1803 dum
650 1758 886 1816 tempore
916 1755 1137 1815 quodam
1165 1754 1364 1814 faceret,
1397 1757 1446 1801 et
1472 1754 1645 1801 relicta
1675 1755 1827 1802 domu

255 1837 485 1886 conuiuii
499 1837 516 1861 4
533 1854 768 1901 egressus
784 1839 918 1884 esset-
933 1837 994 1884 ad
1014 1836 1214 1884 stabula
1231 1835 1594 1885 iumentorum.
1611 1854 1827 1898 quorum

256 1921 303 1969 ei
332 1921 562 1969 custodia
594 1922 745 1968 nocte
774 1919 865 1967 illa
897 1921 1004 1966 erat
1034 1918 1274 1981 delegata,
1305 1918 1475 1979 ibique
1501 1918 1622 1965 hora
1656 1936 1830 1980 conpe-

253 2005 387 2052 tenti
422 2004 658 2052 membra
695 2002 918 2051 dedisset
954 2001 1134 2063 sopori,
1165 2000 1364 2048 adstitit
1400 2000 1476 2047 ei⁵
1509 2000 1716 2062 quidam
1744 2018 1831 2061 per

253 2087 534 2147 somnium,
565 2102 788 2148 eumque
821 2085 1063 2139 salutans,
1093 2100 1150 2130 ac
1175 2099 1266 2130 suo
1298 2082 1562 2144 appellans
1587 2085 1795 2130 nomine
1819 2102 1828 2131 :

259 2169 622 2230 ‘Caedm0n⁶,’
670 2168 855 2230 inquit,
916 2168 1092 2214 ‘canta
1138 2165 1269 2212 mihi
1316 2164 1544 2226 aliquid.'
1612 2166 1684 2212 At
1743 2165 1830 2212 ille

251 2253 601 2315 respondens:
645 2250 897 2310 ⁴Nescio,'
933 2248 1119 2312 inquit,
1167 2249 1427 2307 ‘cantare3
1471 2263 1589 2294 nam
1626 2249 1675 2294 et
1718 2247 1827 2294 ideo

253 2335 317 2384 de
355 2335 596 2383 conuiuio
645 2350 879 2397 egressus
926 2332 1027 2380 huc
1075 2330 1270 2389 secessi,
1320 2329 1437 2391 quia
1478 2332 1675 2376 cantare
1725 2346 1823 2375 non

251 2419 519 2480 poteram.'
591 2418 821 2465 Rursum
845 2415 947 2474 ille,
979 2413 1068 2476 qui
1092 2430 1210 2460 cum
1235 2429 1292 2459 eo
1318 2411 1629 2472 loquebatur,
1667 2412 1827 2457 ‘Atta-

251 2501 409 2562 men,'
467 2500 553 2561 ait,
613 2498 806 2547 ‘mihi⁷
867 2500 1071 2544 cantare
1130 2495 1322 2542 habes’
1397 2492 1592 2552 ‘Quid‚'
1639 2492 1818 2552 inquit,

259 2583 447 2631 ‘debeo
473 2582 751 2631 cantare?’
812 2581 881 2628 Et
900 2579 1001 2639 ille,
1033 2577 1257 2635 ‘Canta,’
1278 2575 1458 2636 inquit,
1491 2573 1820 2635 ‘principium

250 2665 632 2713 creaturarum.'
683 2664 795 2724 Quo
819 2663 1022 2723 accepto
1047 2674 1304 2720 responso,
1328 2655 1501 2703 statim
1528 2655 1634 2715 ipsw
1660 2654 1820 2714 coepit

251 2750 457 2796 cantare
493 2748 548 2795 in
591 2747 799 2795 laudem
836 2743 932 2792 Dei
974 2741 1249 2790 conditoris
1285 2754 1475 2795 uersus,
1518 2753 1642 2797 quos
1681 2751 1820 2781 num-

251 2843 408 2888 quam
423 2827 667 2886 audierat,
693 2840 914 2887 quorum
932 2822 1058 2869 8iste
1078 2822 1154 2867 est
1170 2833 1379 2866 sensus:
1423 2819 1433 2837 ⁸
1451 2815 1596 2861 Nunc
1617 2814 1819 2860 laudare

307 2965 319 2986 ¹
351 2966 515 3004 saeculi
538 2964 587 3004 C1
647 2962 941 3002 saecularium
964 2957 1012 2998 C²
1032 2971 1042 3006 ;
1071 2956 1134 2995 oft
1155 2955 1238 2994 As,
1543 2952 1556 2970 “·’
1586 2948 1652 2987 *ct'
1674 2949 1748 2987 rvl.
1767 2949 1811 2987 C.

241 3030 265 3066 .³
293 3031 481 3081 profect—
503 3031 551 3070 C.
692 3028 706 3050 ⁴
735 3027 914 3066 conuiui
937 3025 992 3063 M.
1104 3022 1118 3042 ⁵
1150 3021 1270 3059 enim
1291 3021 1330 3056 ei
1354 3018 1408 3056 M.
1537 3017 1550 3038 ὓ
1579 3015 1672 3066 <aL-‹1-
1696 3014 1739 3052 (¹.
1766 3014 1815 3051 N.

249 3094 264 3116 ⁷
293 3097 411 3135 mihi
431 3109 504 3134 om.
525 3096 571 3135 C.
722 3091 736 3113 ⁸
764 3097 877 3131 From
898 3100 1085 3140 quorum
1116 3091 1148 3124 to
1177 3083 1374 3131 ceruical,
1399 3095 1438 3132 p.
1462 3082 1552 3129 262,
1579 3084 1752 3117 inclusive
1785 3080 1818 3116 e‘s

247 3165 422 3210 wanting
448 3165 493 3199 in
511 3162 592 3212 Hl,
613 3162 736 3207 owing]
765 3163 797 3196 co
818 3161 877 3195 the
892 3160 961 3194 loss
980 3156 1060 3200 osa
1081 3154 1166 3199 lects.

999 3240 1024 3272 S
1052 3239 1075 3269 2

1862 1768 1934 1802 His
1955 1769 2070 1803 miru-

1860 1818 1998 1852 (·ul‹·us
2017 1819 2089 1859 gift

1860 1868 1903 1900 os
1916 1879 2022 1909 song.
