2240 3444
339 145 446 197 342
792 144 1057 197 Historia
1096 142 1485 197 Ecclesiastica
1757 149 1867 202 [Lm.
1891 152 1940 191 V·

339 290 732 349 commemoratis,
782 293 1034 339 tonsuram
1081 304 1277 350 quoque,
1332 289 1387 337 de
1435 303 1534 349 qua
1571 289 1766 348 pariter
1803 287 1941 335 uobis

341 375 524 423 litteras
555 376 669 434 fieri
702 373 707 436 Ι
739 375 953 434 uoluisti,
997 375 1170 433 hortor,
1211 377 1268 421 ut
1302 372 1668 422 ecclesiasticam
1705 375 1748 419 et
1787 370 1944 420 Chris·
1972 377 1999 414 f.
2026 389 2081 412 122
2102 377 2136 412 b-

341 459 502 507 tianae
519 459 643 518 fidei
667 473 926 519 conyruam
951 459 1122 506 habere
1153 459 1339 505 curetis.
1417 457 1490 503 Et
1522 456 1716 516 quidem
1745 455 1937 514 scimus,

341 545 458 604 quia
497 557 647 603 neque
685 543 889 602 apostoli
930 557 1091 590 omnes
1114 557 1214 589 uno
1254 542 1504 601 eodemque
1541 544 1661 588 sunt
1691 540 1832 588 modo
1865 539 1944 588 ad·

341 627 480 686 tonsi,
513 641 666 687 neque
697 641 831 675 nunc
856 627 1046 674 ecclesia
1075 626 1320 684 catholica,
1351 627 1476 673 sicut
1505 639 1610 671 una
1630 624 1746 685 fide,
1776 639 1868 685 spe,
1901 628 1945 672 et

340 711 541 759 caritate
566 712 618 757 in
643 713 805 759 Deum
831 711 1075 769 consentit,
1101 711 1171 756 ita
1191 709 1337 756 etiam
1362 723 1466 756 una
1491 711 1634 768 atque
1657 708 1945 756 indissimili

342 797 492 842 totum
506 809 600 854 per
622 795 779 842 orbem
815 798 1042 842 tonsurae
1073 793 1166 841 sibi
1192 791 1364 851 forma
1394 791 1628 851 conyruit.
1706 792 1939 851 Denique,

340 882 394 925 ut
432 880 692 939 superiora,
722 878 775 925 id
811 882 881 926 cst
907 878 1323 938 patriarcharum,
1361 879 1574 935 tempora
1609 875 1940 936 respiciamus,

340 963 447 1021 Iob,
489 963 731 1023 exemplar
766 962 1048 1023 patientiae,
1098 962 1216 1008 dum
1270 961 1523 1020 ingyruente
1577 960 1947 1007 tribulationum
1978 969 2052 1004 Iob
2072 968 2097 1003 i.
2119 980 2172 1003 20.

341 1047 545 1093 articulo
594 1049 741 1106 caput
789 1045 1009 1105 totondit,
1053 1045 1288 1105 probauit
1332 1044 1511 1104 utique,
1568 1044 1687 1104 quia
1742 1047 1945 1103 tempore

332 1129 591 1188 felicitatis
628 1130 824 1189 capillos
865 1129 1057 1176 nutrire
1097 1130 1361 1175 consuerat.
1439 1125 1512 1174 At
1548 1127 1724 1187 Ioseph
1763 1130 1809 1174 et
1847 1128 1947 1187 ipse
1979 1138 2176 1174 Gen.x1i.

342 1213 591 1271 castitatis,
631 1213 936 1273 humilitatis,
966 1213 1180 1273 pietatis,
1210 1215 1566 1271 ceterarumque
1598 1213 1841 1258 uirtutum
1879 1225 1950 1258 ex·
1982 1201 2034 1234 ¹4·

343 1300 530 1346 secutor
549 1312 604 1345 ac
623 1297 786 1344 doctor
801 1296 1018 1355 eximius,
1041 1310 1149 1342 cum
1168 1295 1363 1343 seruitio
1379 1295 1700 1343 absoluendus
1716 1295 1951 1343 adtonsus

344 1395 439 1430 esse
475 1382 660 1442 legsitur,
683 1384 823 1441 patet
836 1380 1067 1441 profecto,
1093 1379 1211 1439 Quia
1237 1383 1441 1440 tempore
1465 1379 1718 1427 seruitutis
1741 1379 1951 1427 intonsis

348 1467 398 1513 in
441 1480 625 1514 carcere
667 1464 906 1513 crinibus¹
959 1479 1155 1512 manere
1202 1464 1393 1512 solebat.
1470 1463 1598 1511 Ecce
1635 1466 1831 1523 uterque
1869 1464 1952 1510 uir

346 1551 439 1598 Dei
464 1551 711 1598 diuersum
738 1550 798 1597 ab
828 1549 973 1596 altero
998 1548 1168 1596 uultus
1201 1547 1419 1595 habitum
1444 1546 1575 1606 foris
1599 1542 1950 1606 praemonstra-

346 1634 438 1693 bat,
476 1648 681 1693 quorum
718 1636 880 1680 tamen
920 1632 1057 1680 intus
1098 1631 1386 1679 conscientia
1422 1630 1478 1678 in
1509 1631 1668 1691 parili
1704 1632 1947 1678 uirtutum

344 1718 437 1765 ¹sibi
459 1718 624 1777 qratia
649 1716 980 1764 concordabat.

421 1800 430 1823 ⁴
459 1801 652 1860 Uerum,
687 1801 775 1849 etsi
798 1799 1024 1860 profiteri
1051 1799 1190 1847 nobis
1225 1799 1430 1846 liberum
1462 1801 1542 1857 est,
1575 1799 1693 1858 quia
1721 1801 1951 1846 tonsurae

346 1885 599 1932 discrimen
646 1899 746 1932 non
791 1886 969 1944 noceat,
1025 1883 1201 1943 quibus
1240 1897 1376 1943 pura
1424 1883 1478 1929 in
1524 1883 1688 1930 Deum
1720 1882 1862 1943 fides,
1906 1885 1950 1929 et

346 1969 528 2016 caritas
553 1969 607 2015 in
622 1968 905 2028 procrimum
938 1967 1126 2015 sincera
1158 1970 1257 2025 cst,·
1297 1967 1505 2014 maxime
1538 1981 1648 2013 cum
1680 1981 1952 2026 numquam

335 2052 566 2112 patribus
605 2052 849 2099 catholicis
887 2051 1013 2098 sicut
1057 2051 1111 2097 dc
1140 2051 1352 2110 paschae
1394 2051 1473 2098 uel
1507 2051 1630 2110 fidei
1674 2049 1951 2098 diuersitate

346 2136 611 2195 conflictus,
646 2136 714 2182 ita
739 2135 885 2182 etiam
918 2135 972 2181 de
1008 2137 1233 2182 tonsurae
1263 2134 1542 2193 differentia
1572 2135 1762 2195 leyatur
1784 2135 1951 2194 aliqua

335 2220 501 2280 fuisse
525 2218 850 2266 controuersia
872 2234 887 2275 ,·
930 2218 1055 2265 inter
1078 2233 1241 2266 omnes
1276 2221 1451 2278 tamen,
1483 2234 1605 2278 quas
1633 2219 1713 2266 uel
1736 2219 1790 2265 in
1819 2219 1954 2266 eccle-

344 2304 434 2363 sia,
466 2303 545 2350 uel
570 2303 623 2349 in
648 2302 878 2349 uniuerso
907 2301 1162 2348 hominum
1187 2315 1355 2361 yenere
1383 2302 1678 2361 repperimus
1709 2305 1947 2361 tonsuras,

345 2387 535 2435 nullam
582 2386 740 2446 massis
786 2385 1081 2444 sequendam
1133 2385 1273 2432 nobis
1319 2385 1794 2445 amplectendamque
1850 2387 1954 2433 iure

347 2471 551 2518 dixerim
600 2466 703 2528 ea¹,
759 2484 908 2529 quam
957 2469 1010 2515 in
1058 2469 1214 2528 capite
1256 2483 1343 2516 suo
1367 2470 1584 2529 qestabat
1631 2470 1725 2529 ille,
1781 2470 1858 2517 cui
1905 2483 1955 2517 sc

347 2554 595 2614 confitenti
636 2553 883 2601 Dominus
924 2552 1031 2600 ait:
1076 2551 1201 2598 “Tu
1242 2567 1290 2600 es
1320 2553 1510 2613 Petrus,
1555 2556 1600 2600 et
1641 2567 1788 2613 super
1826 2553 1954 2619 lianc
1987 2561 2139 2618 Mutila.

340 2642 535 2699 petram
574 2636 834 2696 aedificabo
877 2635 1121 2683 ecclesiam
1159 2649 1330 2695 meam,
1354 2639 1398 2683 et
1425 2640 1599 2696 portae
1634 2636 1822 2696 inferni
1853 2652 1957 2685 non
1985 2613 2131 2656 xv¹'¹⁸’
2152 2624 2200 2655 ¹9'

341 2721 695 2782 pracualcbunt
742 2720 979 2767 aduersus
1027 2734 1170 2777 eam,·
1228 2722 1272 2767 et
1320 2720 1406 2766 tibi
1445 2720 1567 2768 dabo
1615 2720 1775 2768 claues
1820 2721 1956 2780 reynri

349 2806 591 2853 caelorum
609 2803 655 2861 ’',·
694 2803 886 2851 nullam
922 2804 1080 2862 maais
1116 2803 1499 2850 abominandam
1533 2803 1956 2863 detestandamque

349 2890 516 2937 merito
553 2888 736 2935 cunctis
760 2886 994 2946 fidelibus
1023 2886 1306 2934 crediderim
1343 2901 1412 2947 ea,
1444 2903 1593 2947 quam
1626 2888 1830 2935 habebat
1861 2887 1948 2946 illc,

351 2974 428 3019 eui
464 2972 679 3032 qratiam
711 2970 929 3030 Spiritus
960 2969 1126 3017 Sancti
1160 2984 1422 3029 conparare
1454 2971 1636 3018 uolenti
1678 2971 1795 3018 dicit
1826 2970 1955 3018 idem

350 3056 527 3103 Petrus
551 3072 564 3101 .·
608 3053 874 3100 “Pecunia
904 3056 990 3100 tua
1016 3055 1168 3100 tecum
1193 3054 1257 3100 sit
1280 3053 1333 3099 in
1347 3054 1684 3114 perditionem,
1721 3054 1956 3114 quoniam
1985 3060 2076 3096 Aet.
2100 3059 2182 3095 viii.

353 3138 536 3186 donum
573 3138 668 3185 Dei
705 3136 993 3185 existimasti
1017 3150 1113 3196 per
1134 3136 1400 3195 pecuniam
1429 3137 1702 3196 possideri5
1750 3151 1848 3184 non
1889 3139 1957 3185 cst
1987 3123 2042 3155 ω’
2064 3122 2114 3144 ²¹'

709 3243 721 3264 ¹
752 3245 810 3284 M.
835 3249 943 3284 wrote
966 3249 1006 3284 at
1016 3248 1106 3292 first
1127 3245 1410 3292 criminibus,
1434 3258 1546 3284 eam.
