2240 3444
297 128 396 168 Cn.
423 126 517 180 ΙΧ.]
804 128 992 182 Gentis
1032 134 1077 184 A
1095 137 1365 202 malorum.
1768 158 1862 207 145

295 276 450 321 quem
477 266 526 312 et
558 265 730 317 feralis
764 270 1002 334 impietas
1033 280 1163 340 regis
1191 284 1513 342 Brettonum,
1546 297 1594 340 vt
1620 302 1866 356 apostasia

295 343 507 394 demens
532 364 712 411 regum
737 355 1031 416 Anglorum
1059 361 1412 417 detestabilem
1443 373 1636 424 sectant.
1707 382 1866 442 Siqui-

294 425 428 487 dem,
461 431 519 477 ut
555 447 709 494 supra
745 436 1027 500 docuimus,
1060 447 1306 495 unanimo
1341 454 1576 503 omnium
1616 476 1864 511 ernist-usu

294 506 561 559 firmatum
602 517 688 575 est,
722 520 778 564 ut
816 536 1007 569 nomen
1045 528 1095 572 et
1132 531 1381 579 memoria
1419 541 1765 595 apostatarum
1804 546 1865 591 «le

293 591 518 655 catalogo
552 612 732 658 regum
759 600 1164 655 Christianorum
1198 627 1403 671 prorsus
1428 617 1615 666 aboleri
1642 623 1858 677 deberet,

293 689 458 735 neque
490 677 676 740 aliquis
708 697 866 744 regno
892 702 1069 735 eorum
1103 706 1272 739 annus
1303 697 1544 748 adnotari.
1622 704 1731 762 Quo
1757 724 1866 754 con-
1897 719 2051 775 (is-xpum

290 754 430 816 pleto
465 774 721 809 annorum
760 767 1012 815 curriculo
1050 771 1243 820 occisus
1282 779 1371 837 est,
1414 783 1687 831 commisso
1725 790 1865 848 graui
1896 769 2142 855 ζιξζιᾞῇξζξῃῃ,

289 839 498 900 proelio,
521 841 583 889 ab
609 845 788 893 eadem
813 864 1009 910 pagana
1035 856 1187 914 gente
1211 874 1510 923 paganoque
1531 881 1645 927 rege
1667 867 1868 917 Mercio·
1896 867 1995 910 Αῑῑῐέ·
2018 881 2045 911 5·
2068 875 2141 911 ‘’⁴³-

289 936 418 981 rum,
463 939 492 970 a
534 940 636 986 quo
684 930 736 974 et
782 931 1111 990 prodecessor
1151 937 1260 985 eius
1301 942 1561 992 Aeduini¹
1605 954 1866 1009 peremtus

287 1001 468 1064 fuerat,
523 1006 577 1053 in
639 1008 762 1070 loco,
819 1013 908 1074 qui
955 1014 1136 1078 lingua
1183 1021 1477 1084 Anglorum
1539 1037 1867 1094 nuncupatur

286 1085 586 1137 Maserfelth
601 1089 632 1151 ²,
662 1108 799 1141 anno
836 1098 1017 1145 aetatis
1054 1116 1174 1148 suae
1211 1103 1544 1169 XXXVIII„
1574 1113 1654 1159 die
1688 1116 1866 1176 quinto

285 1170 484 1218 mensis
507 1173 752 1235 Augusti.

353 1251 511 1301 Cuius
548 1260 738 1317 quanta
775 1259 934 1308 fides³
967 1263 1021 1311 in
1054 1265 1236 1327 Deum,
1269 1287 1395 1331 quae
1432 1274 1638 1324 deuotio
1674 1282 1863 1329 mentis
1895 1291 2081 1328 Miracles

283 1331 451 1396 fuerit,
483 1337 638 1386 etiam
673 1344 791 1402 post
828 1348 1050 1394 mortem
1085 1349 1342 1400 uirtutum
1376 1356 1639 1407 miraculis
1664 1361 1856 1412 claruit.
1892 1343 2142 1428 {ffi’ffigtm'

284 1416 521 1481 Namque
563 1422 617 1469 in
657 1423 778 1485 loco,
822 1427 911 1475 ubi
953 1446 1045 1490 pro
1085 1434 1248 1493 patria
1291 1437 1541 1488 dimicans
1583 1460 1611 1489 a
1652 1446 1863 1506 paganis

282 1499 586 1551 interfectus
625 1508 716 1567 est,
761 1525 924 1572 usque
966 1513 1117 1561 hodie
1160 1519 1403 1567 sanitates
1442 1522 1767 1574 infirmorum
1812 1532 1863 1576 et

281 1581 556 1633 hominum
592 1590 643 1636 et
674 1607 917 1651 pecorum
954 1597 1199 1646 celebrari
1236 1617 1341 1649 non
1373 1604 1631 1655 desinunt.
1710 1609 1862 1658 Unde

281 1666 512 1729 contigit,
543 1672 601 1717 ut
626 1673 895 1733 puluerem
922 1677 1107 1740 ipsum,
1140 1681 1229 1729 ubi
1255 1700 1436 1746 corpus
1461 1687 1568 1736 eius
1594 1690 1648 1737 in
1673 1694 1862 1740 terram

282 1750 498 1811 conruit,
530 1753 687 1802 multi
722 1757 1013 1808 auferentes
1050 1764 1099 1809 et
1136 1763 1191 1811 in
1229 1782 1413 1828 aquam
1451 1771 1719 1820 mittentes
1754 1775 1859 1822 suis

279 1846 369 1891 per
403 1831 528 1881 haec
563 1835 790 1886 infirmis
823 1842 1053 1891 multum
1085 1849 1342 1896 commodi
1377 1851 1637 1901 adferrent
1654 1855 1682 1902 ⁴.
1761 1856 1859 1916 Qui

279 1912 523 1964 uidelicet
542 1934 656 1966 mos
675 1921 800 1968 adeo
825 1923 1123 1987 increbruit,
1147 1932 1203 1976 ut
1223 1931 1471 1991 paulatim
1490 1935 1656 1984 ablata
1677 1937 1860 1986 exinde

278 1996 414 2044 terra
438 1997 631 2048 fossam
657 2003 719 2050 ad
747 2020 1049 2056 mensuram
1076 2013 1300 2060 staturae
1325 2014 1491 2063 uirilis
1516 2017 1673 2066 altam
1700 2021 1859 2068 reddi-

278 2077 422 2128 derit.
502 2081 607 2130 Nec
646 2085 947 2136 mirandum
990 2091 1045 2138 in
1084 2092 1193 2140 1000
1229 2096 1412 2144 mortis
1448 2098 1589 2147 illius
1624 2101 1857 2150 infirmos

277 2162 458 2224 sanari,
483 2165 571 2226 qui
596 2183 811 2230 semper,
834 2171 959 2218 dum
986 2174 1198 2237 uiueret,
1226 2177 1450 2228 infirmis
1476 2184 1526 2229 et
1549 2185 1856 2244 pauperibus

277 2245 555 2308 consulere,
597 2249 910 2314 elimosynas
948 2256 1079 2317 dare,
1115 2275 1263 2319 opem
1301 2260 1431 2308 ferre
1469 2279 1572 2310 non
1610 2266 1848 2314 cessabat.

276 2324 345 2372 Et-
379 2328 546 2376 multa
579 2331 790 2392 quidem
818 2335 873 2383 in
907 2336 1015 2385 1000
1047 2339 1135 2387 1110
1162 2342 1243 2388 uel
1271 2343 1332 2389 de
1355 2344 1567 2404 puluere
1592 2346 1690 2393 loci
1715 2347 1852 2394 illius

275 2406 410 2457 facta
447 2411 707 2462 uirtutum
744 2417 990 2467 miracula
1027 2426 1337 2484 narrantur;
1375 2426 1462 2472 sed
1496 2443 1589 2473 nos
1615 2428 1713 2475 duo
1748 2430 1852 2475 tan·

274 2492 402 2552 tum,
420 2510 548 2555 quae
567 2512 596 2543 a
616 2498 896 2548 maioribus
916 2503 1225 2566 audiuimus,
1249 2506 1432 2553 referre
1452 2509 1573 2555 satis
1591 2509 1843 2557 duximus.

343 2572 462 2623 Non
488 2578 653 2626 multo
686 2584 802 2641 post
829 2583 1242 2634 interfectionem
1270 2588 1377 2635 eius
1402 2592 1576 2636 exacto
1602 2592 1841 2651 tempore,

275 2656 504 2719 contIgit,
567 2662 625 2708 ut
675 2662 886 2724 quidam
939 2683 1069 2729 equo
1118 2669 1301 2716 sedens
1343 2670 1442 2717 iter
1487 2671 1628 2718 iuxta
1676 2672 1843 2718 locum

272 2742 443 2799 ageret
469 2740 622 2790 illum
645 2761 656 2802 3
694 2745 840 2794 cuius
867 2764 1028 2809 equus
1053 2750 1222 2798 subito
1248 2751 1529 2810 lassescere,
1553 2753 1839 2812 consistere,

272 2823 424 2881 caput
461 2821 518 2869 in
555 2825 748 2874 terram
787 2828 1053 2891 declinare,
1094 2849 1302 2894 spumas
1340 2850 1399 2880 ex
1437 2850 1521 2880 ore
1559 2834 1838 2893 demittere,

273 2904 335 2961 et,
376 2910 680 2965 augescente
719 2910 892 2958 dolore
939 2913 1114 2974 nimio,
1160 2914 1213 2961 in
1247 2917 1432 2962 terram
1475 2915 1638 2976 coepit
1682 2932 1836 2963 ruere.

272 2983 497 3035 Desiluit
522 3005 689 3053 eques,
713 2995 763 3040 et
784 2995 1051 3042 stramime
1076 2997 1333 3044 subtracto
1350 2996 1366 3021 ⁵
1391 2996 1555 3057 coepit
1581 3000 1843 3059 expectare

324 3123 336 3144 ¹
366 3125 523 3164 eduini
544 3127 609 3167 Bl.
631 3129 671 3167 N
694 3143 703 3177 ;
733 3131 897 3170 eduine
920 3132 964 3172 C.
989 3132 1052 3171 Β).
1177 3132 1191 3153 ²
1220 3137 1357 3171 altered
1376 3138 1408 3171 to
1429 3134 1537 3172 -feld
1559 3135 1607 3172 B.
1730 3133 1743 3154 ³
1774 3136 1841 3173 uis

269 3188 326 3228 M·
350 3189 425 3239 Hp
595 3192 609 3214 ⁴
638 3194 802 3235 -ferent
825 3197 881 3235 M.
1058 3197 1072 3219 ⁵
1102 3202 1132 3236 T
1129 3203 1210 3237 here
1233 3203 1265 3237 is
1282 3204 1385 3246 qreat
1404 3203 1544 3246 variety
1563 3201 1608 3246 os
1621 3203 1776 3247 rmdinq
1799 3203 1841 3239 in

1040 3280 1068 3311 L
