2240 3444
745 162 964 211 erectore
1006 158 1050 209 A
1067 175 1318 226 nonymo.
1711 157 1814 207 393

304 318 370 360 14.
404 304 543 348 Porro
577 302 627 346 in
655 301 954 351 monasterio,
990 300 1064 344 eui
1097 300 1357 344 Ceolsridus
1390 303 1619 356 praeerat,
1653 314 1812 341 ‹nuno—s
1847 301 2047 335 Αιυψιιιιυ-

241 378 324 435 qui
366 378 540 436 legere,
585 376 662 420 uel
706 374 992 431 praedicare,
1036 373 1110 417 uel
1153 373 1390 416 antifonas
1431 388 1484 415 ac
1528 372 1810 428 rvspsmsoria
1843 350 2045 442 ’,ζ’,ᾗὲιῗῃμῐ

240 452 399 496 dicere
441 452 644 507 possent,
685 447 835 492 ablati
878 449 997 497 sunt,
1043 449 1242 502 excepto
1281 446 1381 501 ipso
1424 445 1593 488 abbate
1638 449 1679 485 vt
1725 459 1814 484 un.»
1847 449 2013 481 dnn-ow.

241 524 452 583 puerulo,
489 522 570 578 qui
603 522 661 566 ab
694 521 796 578 ipso
828 520 1038 564 nutritus
1075 523 1122 563 et
1155 518 1376 568 eruditus,
1419 533 1542 560 nune
1582 532 1724 571 usqu-e
1772 516 1815 558 in

242 599 410 644 eodem
452 595 741 641 monasterio
778 592 1062 651 presbyterii
1105 593 1302 649 gradum
1339 595 1518 639 tenens,
1556 590 1651 632 iure
1689 594 1818 632 actus

242 671 342 717 eius
380 669 647 714 laudabiles
679 667 894 713 cunctisl
937 666 1054 711 scire
1089 665 1360 709 uolentibus
1402 667 1450 707 et
1483 663 1653 718 scripto
1697 678 1819 705 com-

241 746 451 797 mendat,
477 746 525 788 et
548 743 667 786 fatu.
718 741 807 796 Qui
830 740 1057 784 uidelicet
1077 739 1232 789 abbas,
1251 738 1461 794 praefate
1481 736 1634 793 gratia
1654 736 1818 791 plagan-

241 819 446 862 multum
469 816 632 869 tristis,
654 814 898 872 praecepit
921 817 987 865 ut,
1013 811 1276 857 intermisso
1295 810 1390 854 ritu
1409 809 1553 866 priori
1569 808 1595 859 ²,
1623 809 1822 864 psalmo-

240 892 370 937 diam
398 894 564 945 totam,
587 893 782 948 praeter
803 903 998 945 uespere
1033 890 1081 932 et
1114 884 1361 929 matutinis
1377 884 1406 938 ³,
1430 883 1527 927 sine
1556 881 1825 937 antiphonis

241 965 581 1023 transigerent.
660 963 791 1017 Quod
845 977 952 1006 cum
1000 960 1138 1004 unius
1184 957 1455 1004 ebdomadis
1505 955 1656 1012 spatio
1703 955 1824 998 inter

244 1039 417 1084 multas
441 1037 542 1082 eius
564 1036 783 1081 lacrimas
805 1037 852 1080 et
875 1033 1194 1091 querimonias
1217 1036 1336 1077 esset
1359 1030 1623 1076 actitatum,
1648 1027 1824 1071 diutius

244 1114 334 1157 hoc
354 1111 454 1157 fieri
470 1126 564 1155 non
579 1111 748 1162 ferens,
766 1124 923 1152 rursus
941 1107 1122 1160 statuit,
1140 1109 1192 1150 ut
1210 1105 1508 1150 antifonatae
1524 1101 1825 1159 psalmodiae,

13 1192 30 1226 v·'-
53 1200 92 1234 25
111 1191 147 1226 b.
246 1186 383 1230 iuxta
412 1199 604 1239 morem,
638 1199 799 1228 cursus
835 1181 1221 1234 instauralretur.
1257 1178 1533 1232 cunctisque
1571 1173 1826 1219 adnitenti-

246 1259 347 1314 buS,
381 1274 468 1316 per
499 1273 545 1303 se
579 1261 628 1303 et
662 1273 801 1314 quem
835 1255 1052 1314 praedixi
1085 1269 1300 1311 puerum,
1334 1266 1422 1308 que
1455 1252 1701 1295 statuerat,
1737 1262 1829 1290 non

244 1348 394 1391 paruo
437 1348 546 1377 cum
588 1332 747 1376 labore
792 1330 1078 1387 complebat,
1112 1329 1260 1372 donec
1299 1325 1446 1370 socios
1488 1322 1639 1380 operis
1681 1319 1831 1364 diuini

247 1407 531 1452 sufficientes
554 1407 632 1451 uel
654 1404 861 1449 nutriret
883 1404 999 1461 ipse,
1022 1403 1099 1447 uel
1123 1401 1313 1446 aliunde
1338 1399 1596 1455 colligeret.

10 1490 174 1536 ib.§1o.
310 1493 374 1539 15.
408 1481 470 1524 At
502 1480 583 1524 ubi
614 1479 900 1524 Benedictus
923 1493 951 1522 a
979 1478 1127 1521 Roma
1157 1473 1361 1532 patriam
1388 1470 1636 1529 peregrina
1665 1482 1829 1519 merce,
1861 1474 2053 1509 Romnum

249 1557 304 1599 ut
318 1569 516 1611 semper,
537 1556 734 1597 onustus
747 1551 958 1604 aduenit,
975 1551 1152 1595 mestus
1167 1548 1359 1604 quidem
1381 1544 1481 1590 est4
1505 1545 1561 1588 de
1585 1542 1715 1586 clade
1740 1556 1829 1596 que
1861 1527 2049 1607 &aaz
2069 1577 2104 1603 H,

248 1627 498 1679 acciderat,
523 1627 603 1671 sed
625 1625 817 1684 gauisus
839 1624 952 1669 satis
983 1623 1094 1680 quia
1120 1621 1363 1680 Sigfridus,
1387 1619 1484 1663 Deo
1507 1615 1722 1661 amabilis
1745 1614 1829 1665 uir,
1863 1623 1954 1679 hini
1969 1622 2048 1677 13:111

248 1716 332 1759 pro
349 1700 630 1746 Eosterwini
653 1701 798 1744 abbas
820 1701 942 1744 esset
960 1698 1143 1742 electus
1163 1712 1172 1752 ;
1206 1693 1510 1753 precepitque
1526 1689 1556 1746 ⁵,
1576 1692 1627 1733 ut
1646 1703 1831 1744 suscep·
1864 1672 2027 1716 S¹g¹¹'¹‘¹·

0 1835 1 1838 Ἰ
247 1779 351 1821 tam
393 1773 672 1819 monasterii
723 1787 884 1818 curam
932 1774 1120 1816 strenue
1162 1771 1365 1827 gereret,
1409 1766 1510 1822 ipso
1558 1777 1740 1820 quoque
1783 1762 1833 1804 in

0 1859 62 1895 rib.
83 1858 104 1905 g
129 1870 176 1894 11.
251 1849 471 1895 doctrina
513 1852 562 1893 et
604 1847 898 1893 orationibus
936 1845 1150 1889 iuuante.
1212 1843 1389 1886 Uerum
1422 1853 1515 1882 non
1548 1837 1698 1880 multo
1731 1838 1835 1891 post

251 1927 454 1980 uterque
496 1922 668 1967 incidit
710 1921 760 1965 in
802 1919 1144 1972 infirmitatem,
1180 1918 1227 1961 et
1265 1915 1500 1959 crescente
1532 1925 1618 1967 per
1649 1912 1836 1964 tempus

252 1997 488 2050 molestia,
511 1997 563 2040 in
583 1997 762 2041 lectum
785 1994 924 2039 ambo
948 1993 1237 2041 sternuntur,
1261 1989 1332 2032 ita
1354 1989 1406 2031 ut
1430 2000 1486 2030 ne
1505 1985 1563 2029 ad
1582 1982 1836 2028 sedendum

254 2068 448 2125 quidem
472 2081 724 2124 exsurgere
739 2065 755 2089 ⁶
775 2066 983 2122 possent.

0 2140 62 2178 ib.
85 2140 106 2188 ἓ
131 2153 178 2185 ¹3·
320 2143 386 2186 16.
420 2141 557 2186 Unde
580 2139 702 2183 inito
726 2154 834 2183 cum
858 2135 1081 2181 fratribus
1103 2132 1314 2187 consilio,
1339 2128 1625 2175 Benedictus
1647 2125 1837 2170 uocauit
1867 2134 2040 2170 Cenlfrffl

29 2210 31 2212 ’
254 2214 560 2270 Ceolfridum‚
604 2227 806 2269 eumque
849 2210 1097 2266 utriusque
1143 2204 1417 2251 monasterii
1463 2203 1685 2247 abbatem
1726 2214 1837 2243 con-
1867 2184 2115 2267 fflassffiff'b‘*

253 2289 427 2341 stituit,
452 2287 750 2345 praecipiens
776 2288 830 2329 ut
863 2299 1012 2328 unum
1041 2297 1127 2340 per
1149 2280 1308 2325 omnia
1333 2280 1455 2323 esset
1484 2272 1834 2322 monasterium,
1866 2293 2023 2338 monas-

254 2362 448 2407 tametsi
499 2362 682 2405 duobus
733 2360 783 2404 in
835 2358 952 2403 locis
1000 2356 1220 2414 positum,
1274 2366 1368 2396 uno
1417 2364 1600 2405 semper
1647 2343 1836 2390 abbati⁷
1865 2336 1999 2425 ξῗιθῧν
2016 2330 2107 2371 Μ“-“’

255 2436 590 2494 gubernatum,
617 2435 785 2479 eodem
807 2430 1051 2490 priuilegii
1080 2426 1343 2472 munimine
1365 2426 1604 2472 tutatum;
1639 2423 1687 2464 et
1717 2419 1838 2462 sicut

258 2510 467 2555 eiusdem
476 2507 735 2566 priuilegii,
752 2507 878 2564 quod
895 2506 954 2550 ab
965 2503 1212 2561 Agathone
1231 2513 1357 2556 papa
1375 2496 1653 2551 susceperat,
1666 2491 1839 2546 scripta

257 2583 518 2634 continent,
543 2582 684 2625 simul
707 2583 757 2626 et
781 2580 945 2637 regula
967 2575 1118 2621 sancti
1142 2573 1291 2631 patris
1315 2568 1575 2619 Benedicti,
1600 2579 1839 2620 nunquam

257 2657 434 2701 abbas³
468 2656 623 2701 eidem
662 2653 948 2699 monasterio
981 2650 1117 2694 iuxta
1149 2645 1491 2691 successionem
1526 2638 1724 2697 generis,
1763 2636 1840 2680 sed

258 2731 395 2774 iuxta
443 2729 573 2774 uitae
615 2729 808 2772 modum
851 2729 898 2772 et
940 2722 1181 2769 doctrinae
1226 2719 1501 2775 quereretur
1545 2710 1838 2762 industriam,

14 2819 43 2854 f.
66 2819 111 2853 26
128 2828 164 2853 a.
262 2803 550 2857 secunldum
591 2801 715 2857 quod
753 2800 854 2857 ipse
890 2798 942 2841 in
977 2792 1219 2853 praesenti
1261 2787 1549 2835 Ceolfridum
1591 2786 1836 2829 statuerat,

263 2877 344 2935 qui
359 2875 509 2934 magis
523 2874 613 2918 sibi
628 2873 832 2931 spiritali
849 2886 990 2929 quam
1009 2866 1186 2914 carnali
1204 2865 1304 2910 erat
1323 2859 1603 2919 cognatione
1621 2869 1838 2907 conexus,

317 3008 330 3030 ¹
360 3010 544 3048 cunctos
566 3007 601 3044 δ.
712 3004 727 3026 ²
755 3005 1014 3044 intermisso
1034 3001 1125 3039 ritu
1155 2996 1292 3047 prlori
1322 3007 1397 3033 om.
1435 2994 1466 3041 δ,
1500 2991 1749 3036 subs—mutiny
1783 2986 1839 3024 ad

264 3086 420 3114 omnes
440 3073 572 3111 horas
593 3070 826 3121 regulares.
940 3066 955 3089 ³
986 3074 1217 3114 uesperam
1239 3063 1281 3099 et
1302 3057 1551 3097 matutinas
1571 3056 1604 3091 δ.
1731 3052 1743 3073 ⁴
1773 3054 1839 3090 est

263 3152 335 3178 om.
356 3139 391 3179 δ.
547 3135 562 3158 ⁵
590 3148 676 3186 que
696 3148 772 3175 om.
794 3136 830 3174 δ.
1030 3129 1046 3152 ⁶
1075 3137 1283 3177 exurgere
1317 3123 1376 3162 H.
1580 3117 1595 3139 ⁷
1624 3117 1781 3156 abbate
1804 3116 1839 3155 δ.

263 3203 277 3225 ⁸
305 3204 513 3244 abbatem
535 3202 571 3242 δ.
