2240 3444
70 1251 133 1285 He
151 1260 240 1293 pro-

68 1300 232 1344 phesies
255 1299 328 1334 the

68 1350 328 1385 destruction

69 1400 115 1435 of
139 1400 329 1445 Goldjng-

68 1451 181 1495 ham,

361 90 468 148 264
811 97 876 149 H
872 96 1078 151 istoria
1116 96 1507 151 Ecclesiastica
1760 108 1870 161 [Lm.
1892 111 1963 151 Ν.

359 242 617 306 originem
665 242 897 305 duxerat,
946 261 1117 307 neque
1157 244 1295 293 ultra
1341 245 1405 293 ad
1450 261 1571 292 eum
1617 243 1763 292 iuxta
1806 261 1965 293 suum

360 325 659 374 condictum
707 327 872 376 rediit.
950 328 1025 376 At
1074 327 1185 390 ipse
1237 325 1470 376 memorl
1526 327 1787 390 praecepti
1834 327 1960 389 eius,

361 408 523 457 simul
549 412 600 457 et
624 410 874 473 promissi
889 407 906 433 ²
930 410 1026 471 sui,
1058 413 1233 459 totum
1258 428 1313 458 se
1338 410 1568 458 lacrimis
1593 409 1962 472 paenitentiae,

361 492 559 555 uigiliis
607 495 814 556 sanctis,
870 496 923 543 et
971 494 1324 543 continentiae
1373 494 1732 556 mancipauit3
1786 494 1861 542 ita
1908 496 1967 542 ut

361 575 548 638 quinta
609 577 781 625 solum
831 577 1034 625 sabbati
1084 579 1137 626 et
1187 577 1460 638 dominica,
1520 578 1654 625 sicut
1713 577 1964 640 praedixi,

361 659 609 721 reficeret,
635 660 818 709 ceteris
838 662 1161 723 septimanae
1182 660 1365 709 diebus
1389 661 1598 709 ieiunus
1622 662 1968 722 permaneret.

362 743 600 806 Cumque
625 744 942 792 sacerdotem
962 761 1118 792 suum
1139 744 1452 792 Hiberniam
1480 745 1765 805 secessisse,
1792 744 1971 807 ibique

361 826 669 875 defunctum
703 832 708 890 Ι
741 844 852 876 esse
877 827 1119 889 audisset,
1147 844 1351 891 semper
1376 845 1438 875 ex
1465 845 1523 875 eo
1548 830 1796 890 tempore,
1822 827 1969 895 iuxta

361 911 661 959 condictum
695 912 806 959 eius
839 913 1207 972 memoratum,
1238 911 1592 959 continentiae
1627 911 1848 959 modum
1882 911 1969 959 ob—

360 994 633 1055 seruabat3
672 996 737 1055 et,
793 995 932 1057 quod
989 1010 1139 1042 causa
1197 994 1366 1042 diuini
1423 995 1631 1043 timoris
1684 995 1848 1042 semel
1905 995 1970 1043 ob

361 1079 563 1125 reatum
596 1081 925 1140 conpunctus
959 1080 1209 1140 coeperat,
1241 1078 1347 1126 iam
1385 1095 1536 1127 causa
1574 1078 1744 1127 diuini
1779 1077 1971 1126 amoris

362 1160 648 1208 delectatus
672 1160 920 1222 praemiis
945 1160 1239 1208 indefessus
1265 1161 1462 1224 agebat.

431 1244 578 1305 Quod
629 1244 757 1292 dum
807 1244 979 1292 multo
1028 1246 1264 1306 tempore
1312 1245 1528 1293 sedulus
1576 1247 1963 1308 exsequeretur,

359 1327 598 1390 contigit,
624 1344 746 1375 eum
786 1328 870 1375 die
914 1329 1141 1390 quadam
1180 1329 1244 1376 de
1280 1328 1597 1376 monasterio
1634 1329 1727 1376 illo
1759 1328 1970 1392 longius

360 1427 640 1474 egressum,
685 1411 967 1459 comitante
1005 1428 1182 1459 secum
1220 1428 1327 1459 uno
1366 1412 1430 1459 de
1466 1411 1730 1473 fratribus,
1760 1414 1970 1474 peracto

360 1494 548 1542 itinere
572 1494 757 1542 redire.
833 1494 932 1555 Qui
960 1511 1081 1543 cum
1106 1495 1427 1542 monasterio
1460 1495 1888 1558 propinquarent,
1921 1497 1972 1544 et

360 1578 594 1627 aedificia
635 1578 782 1626 illius
829 1578 1129 1626 sublimiter
1177 1581 1345 1626 erecta
1381 1578 1673 1642 aspicerent
1707 1618 1718 1640 ,
1768 1578 1973 1627 solutus

361 1664 439 1710 est
464 1662 521 1710 in
540 1662 780 1711 lacrimas
796 1661 813 1686 4
832 1662 914 1710 uir
935 1662 1045 1723 Dei,
1072 1664 1122 1711 et
1142 1661 1414 1710 tristitiam
1436 1662 1604 1710 cordis
1624 1663 1780 1710 uultu
1800 1662 1972 1711 indice

360 1746 625 1808 prodebat.
705 1746 854 1807 Quod
891 1745 1105 1794 intuens
1142 1763 1335 1807 comes,
1362 1763 1520 1809 quare
1555 1746 1759 1808 faceret,
1802 1745 1973 1808 inqui-

361 1828 501 1878 siuit.
580 1830 656 1878 At
692 1829 819 1877 ille:
864 1830 1129 1891 ‘Cuncta,’
1167 1830 1356 1892 inquit,
1407 1830 1573 1892 ‘haec,
1614 1846 1746 1892 quae
1783 1830 1964 1891 cernis,

360 1912 594 1961 aedificia
628 1912 837 1976 puplica
871 1913 958 1961 uel
994 1913 1210 1976 priuata,
1242 1913 1299 1961 in
1335 1913 1573 1976 proximo
1611 1917 1703 1974 est,
1736 1916 1796 1962 ut
1831 1913 1971 1977 ignis

359 1996 641 2045 absumens
678 1998 736 2045 in
777 1997 1007 2045 cinerem
1046 1997 1351 2046 conuertat.'
1426 1997 1574 2058 Quod
1605 1996 1696 2044 ille
1732 1997 1965 2057 audiens,

361 2096 484 2128 mox
503 2082 562 2128 ut
580 2080 916 2129 intrauerunt
935 2079 1330 2141 monasterium,
1356 2080 1515 2128 matri
1533 2080 1965 2143 congregationis,

362 2164 616 2213 uocabulo
658 2164 853 2212 Aebbae
875 2165 903 2225 5,
954 2164 1156 2212 curauit
1206 2164 1450 2212 indicare.
1524 2165 1600 2212 At
1647 2164 1739 2212 illa
1781 2164 1970 2212 merito

361 2247 571 2318 turbata
625 2248 688 2296 de
738 2248 833 2296 tali
879 2247 1145 2310 praesagio
1195 2247 1403 2295 uocauit
1460 2248 1525 2295 ad
1574 2264 1628 2295 se
1677 2247 1866 2308 uirum,
1921 2249 1971 2295 et

363 2331 667 2395 diligentius
709 2330 772 2379 ab
811 2349 869 2379 eo
908 2348 1034 2392 rem,
1078 2331 1165 2379 uel
1203 2331 1343 2379 unde
1382 2330 1480 2378 hoc
1517 2330 1627 2393 ipse
1663 2332 1854 2390 nosset,
1898 2330 1972 2378 in·

363 2415 615 2478 quirebat.
691 2414 793 2477 Qui
835 2415 940 2463 ait:
1000 2414 1215 2476 ‘Nuper
1251 2416 1531 2476 occupatus
1568 2416 1723 2462 noctu
1774 2413 1972 2476 uigiliis

363 2501 413 2547 et
455 2498 684 2562 psalmis,
730 2498 842 2546 uidi
881 2499 1177 2546 adstantem
1213 2497 1349 2545 mihi
1386 2496 1562 2545 subito
1600 2497 1863 2559 quendam
1899 2497 1972 2545 in-

363 2582 559 2645 cogniti
585 2582 767 2630 uultus
791 2599 802 2642 3
841 2581 988 2630 cuius
1013 2580 1308 2643 praesentia
1335 2597 1454 2628 cum
1475 2597 1644 2628 essem
1670 2580 1965 2643 exterritus,

364 2666 495 2715 dixit
530 2666 676 2724 mihi,
718 2683 786 2715 ne
826 2665 1107 2725 timerem3
1147 2667 1198 2712 et
1243 2664 1391 2726 quasi
1431 2663 1680 2712 familiari
1722 2681 1808 2712 me
1845 2682 1972 2713 uoce

362 2751 646 2813 alloquens,
705 2750 882 2798 ‘Bene
935 2748 1096 2809 facis,'
1146 2747 1333 2810 inquit,
1404 2747 1524 2810 ‘qui
1583 2751 1819 2810 tempore
1869 2748 1971 2797 isto

362 2836 649 2882 nocturnae
692 2833 883 2896 quietis
926 2849 1035 2880 non
1077 2848 1262 2879 somno
1310 2831 1598 2894 indulgere,
1643 2832 1732 2879 sed
1772 2831 1971 2894 uigiliis

363 2921 413 2966 et
462 2917 783 2966 orationibus
831 2915 1076 2964 insistere
1126 2914 1393 2963 maluisti.'
1467 2915 1543 2963 At
1594 2931 1719 2979 ego:
1768 2915 1970 2976 ‘Noui,'

419 3083 431 3105 ¹
462 3096 647 3134 memor,
669 3086 794 3122 added
815 3096 862 3121 οη
882 3085 1040 3130 mamm
1062 3081 1119 3120 M.
1227 3078 1243 3102 ²
1272 3080 1396 3118 —misi
1419 3080 1476 3120 M.
1575 3080 1589 3103 ³
1619 3081 1818 3130 conspic-
1842 3079 1888 3119 C.
1911 3079 1967 3119 Nl

364 3151 402 3190 D
423 3149 519 3199 &c.;
552 3150 718 3200 suspic-
738 3149 807 3188 W.
834 3150 899 3197 02.
921 3149 1008 3199 019.
1210 3145 1224 3169 4
1257 3148 1362 3186 -mis
1384 3146 1463 3187 Μ’.
1675 3147 1691 3170 ⁵
1720 3146 1883 3186 aebbae
1904 3147 1936 3186 G
1958 3159 1968 3195 ;

363 3218 472 3272 <2be
494 3218 532 3256 N
554 3230 563 3266 ;
594 3217 745 3256 aebbae
767 3217 819 3256 B.

1998 837 2024 873 f.
2047 849 2090 884 93
2111 849 2145 873 a.
