2240 3444
290 164 389 203 Cn.
418 161 510 214 IX.]
796 160 984 214 Gentis
1022 164 1071 215 A
1085 165 1362 233 ngylorum.
1805 175 1874 224 99

289 293 552 346 Saxonum
575 303 784 350 nomine
804 305 1104 355 Cuichelmo
1125 308 1151 369 ¹,
1179 326 1389 371 sperans
1415 328 1467 358 so
1488 330 1657 376 rogffln
1686 317 1873 365 Aedui-

286 377 449 426 num2
484 399 639 444 regno
679 385 837 433 simul
879 391 929 435 et
972 390 1082 437 uita
1122 392 1486 455 minaturum,
1530 397 1616 457 qui
1654 399 1871 448 habebat

284 460 438 510 sicam
472 464 734 527 bicipitem
777 471 1084 532 toxicatann
1123 477 1180 522 ut
1217 475 1260 521 si
1303 476 1424 524 ferri
1463 480 1656 527 uulnus
1697 482 1872 529 minus

283 544 345 590 ad
395 549 617 595 mortem
660 551 792 611 regis
841 554 1108 616 sufficeret,
1155 559 1296 618 peste
1346 559 1613 609 iuuaretur
1664 565 1863 613 ueneni.

282 625 529 676 Peruenit
576 633 749 679 autem
798 635 859 682 ad
909 653 1083 699 regem
1125 640 1294 700 primo
1343 643 1425 689 die
1466 646 1684 705 paschae
1726 647 1870 697 iuxta

281 724 488 758 amnem
531 713 1024 777 Deruuentionem³²,
1062 722 1152 769 ubi
1193 725 1319 771 tunc
1358 728 1465 774 erat
1502 728 1630 776 uilla
1666 730 1862 794 regaliS,

278 789 595 857 intrauitque
638 799 785 859 quasi
825 802 1108 850 nuntium⁴
1151 805 1350 853 domini
1392 809 1473 856 sui
1515 810 1777 872 referens;
1816 816 1867 862 et

276 890 394 922 cum
421 877 719 928 simulatam
752 882 1063 945 legationem
1096 905 1182 935 ore
1215 892 1385 938 astuto
1419 893 1666 955 uolueret,
1698 913 1867 945 exsur-

273 958 406 1005 rexit
445 964 669 1023 repente,
713 966 775 1024 et,
819 968 1093 1030 euaginata
1131 972 1225 1019 sub
1267 976 1412 1021 ueste
1448 975 1561 1037 sica,
1605 977 1864 1040 impetum

272 1039 394 1088 fecit
427 1041 482 1090 in
507 1060 698 1106 regem.
777 1049 923 1109 Quod
951 1067 1070 1099 cum
1101 1054 1300 1103 uideret
1335 1057 1468 1105 Lilla
1494 1059 1732 1109 minister
1756 1063 1864 1126 regi

271 1123 630 1188 amicissimus,
657 1146 762 1177 non
782 1131 979 1181 habens
1000 1138 1206 1184 scutum
1227 1139 1289 1185 ad
1310 1155 1538 1203 manum,
1566 1160 1667 1204 quo
1687 1161 1861 1207 regem

272 1221 301 1252 a
339 1223 462 1254 nece
495 1210 804 1275 defenderet,
835 1231 958 1263 mox
992 1217 1302 1281 interposuit
1336 1239 1517 1285 corpus
1552 1242 1706 1274 suum
1739 1232 1861 1276 ante

270 1287 433 1337 ictum
472 1297 789 1357 pungentis;
827 1299 916 1346 sed
953 1302 1099 1349 tanta
1135 1303 1189 1349 ui
1224 1304 1393 1352 hostis
1428 1306 1621 1356 ferrum
1666 1310 1853 1373 infixit,

270 1374 329 1419 ut
370 1390 460 1434 per
501 1392 682 1438 corpus
716 1379 903 1428 militis
940 1383 1093 1430 occisi
1132 1385 1288 1433 etiam
1331 1405 1504 1451 regem
1542 1392 1852 1443 uulneraret.

270 1454 371 1514 Qui
420 1473 538 1505 cum
586 1476 708 1508 mox
757 1464 989 1526 undique
1030 1466 1216 1528 gladiis
1260 1469 1591 1532 inpeteretur‚
1640 1475 1695 1522 in
1744 1476 1857 1539 ipso

266 1538 499 1587 tumultu
543 1542 698 1590 etiam
747 1545 909 1594 alium
958 1548 1021 1595 de
1062 1550 1331 1613 militibus,
1380 1554 1462 1601 cui
1508 1573 1700 1604 nomen
1750 1562 1857 1607 erat

265 1619 558 1685 F01·dheri⁵,
592 1625 693 1674 sica
717 1628 940 1677 nefanda
964 1633 1198 1692 peremit.

332 1703 529 1753 Eadem
572 1710 747 1757 autem
789 1713 939 1760 nocte
987 1720 1306 1765 sacrosancta
1348 1719 1594 1770 dominici
1636 1725 1851 1785 paschae

260 1790 558 1847 pepererat⁶
599 1792 777 1853 regina
819 1794 982 1843 filiam
1025 1798 1145 1859 regi,
1195 1799 1276 1846 cui
1324 1818 1515 1851 nomen
1558 1805 1794 1855 AEanfled
1814 1808 1843 1856 ⁷.

261 1868 496 1932 Cumque
522 1872 660 1921 idem
686 1892 787 1936 rex,
818 1881 1088 1938 praesente
1121 1881 1344 1931 Paulino
1379 1885 1627 1949 episcopo,
1659 1890 1849 1951 gratias

259 1955 432 2014 ageret
464 1954 563 2002 diis
595 1956 704 2005 suis
739 1975 831 2019 pro
864 1962 984 2008 nata
1016 1961 1115 2010 sibi
1148 1963 1268 2025 filia,
1311 1983 1338 2013 e
1371 1970 1549 2017 contra
1583 1971 1850 2035 episcopus

258 2034 448 2098 gratias
474 2038 642 2099 coepit
661 2056 811 2102 agere
837 2042 1064 2092 Domino
1085 2046 1303 2108 Christo,
1329 2050 1537 2113 regique
1563 2054 1841 2117 adstruere,

260 2119 395 2178 quod
445 2119 554 2181 ipse
601 2123 839 2183 precibus
887 2126 994 2174 suis
1041 2130 1177 2189 apud
1233 2131 1384 2180 illum
1435 2134 1732 2198 obtinuerit,
1788 2142 1846 2187 ut

257 2202 433 2262 regina
458 2220 632 2265 sospes
652 2208 703 2253 et
723 2206 915 2269 absque
935 2210 1108 2258 dolore
1126 2213 1273 2274 graui
1292 2215 1522 2265 sobolem
1539 2224 1838 2281 procrearet.

259 2282 420 2331 Cuius
453 2287 624 2334 uerbis
655 2289 937 2339 delectatus
961 2309 1065 2354 rex,
1096 2296 1336 2356 promisit
1367 2315 1434 2359 se,
1465 2300 1843 2353 abrenuntiatis

255 2364 421 2427 idolis,
454 2369 660 2418 Christo
697 2373 1029 2437 seruiturum,
1061 2377 1106 2425 si
1143 2378 1308 2427 uitam
1346 2381 1445 2429 sibi
1482 2386 1533 2430 et
1571 2384 1841 2435 uictoriam

255 2448 470 2498 donaret
494 2454 753 2515 pugnanti
781 2456 1028 2505 aduersus
1052 2476 1240 2522 regem,
1272 2479 1301 2510 a
1328 2481 1428 2525 quo
1452 2466 1712 2515 homicida
1731 2468 1834 2529 ille,

253 2531 342 2592 qui
379 2548 499 2581 eum
536 2536 916 2600 uulnerauerat,
947 2541 1139 2590 missus
1175 2547 1288 2605 est3
1326 2549 1377 2594 et
1414 2547 1470 2595 in
1506 2549 1695 2612 pignus
1731 2568 1840 2612 pro-

251 2614 515 2664 missionis
573 2618 866 2682 inplendae,
932 2625 1150 2672 eandem
1205 2627 1368 2676 filiam
1421 2647 1569 2678 suam
1632 2632 1838 2681 Christo

250 2700 650 2748 consecrandam
709 2702 965 2752 Paulino⁸
1027 2707 1261 2771 episcopo
1319 2712 1651 2775 adsignauit;
1708 2732 1836 2776 quae

246 2777 503 2838 baptizata
542 2785 620 2830 est
662 2783 743 2831 die
785 2789 962 2835 sancto
1003 2793 1329 2850 pentecostes
1366 2795 1534 2856 prima
1576 2797 1638 2843 de
1682 2800 1836 2858 gente

247 2858 294 2906 N
298 2861 803 2925 ordanhymbrorum
819 2869 847 2929 ⁹,
878 2886 998 2918 cum
1023 2871 1105 2920 XI
1123 2870 1157 2895 ¹⁰
1182 2874 1299 2923 aliis
1324 2876 1387 2923 de
1411 2877 1610 2925 familia
1635 2878 1758 2928 eius.

297 3020 309 3040 ¹
340 3023 459 3071 quic·
482 3024 526 3062 C.
642 3025 657 3046 ²
684 3041 715 3067 v.
734 3032 839 3068 note
859 3030 886 3080 ²,
903 3045 944 3082 p.
967 3034 1032 3082 98.
1159 3035 1174 3057 ³
1204 3036 1445 3077 doruuent-
1469 3039 1528 3087 C3
1551 3040 1756 3079 deruent-
1779 3042 1830 3083 B.

241 3085 255 3107 4
287 3100 380 3126 -um
403 3102 474 3128 om.
501 3088 573 3129 M¹.
671 3091 686 3113 ⁵
717 3093 830 3133 foro·
851 3096 897 3135 C.
998 3096 1012 3117 ⁶
1038 3103 1222 3149 peperat
1243 3102 1315 3142 M¹.
1339 3103 1383 3142 G.
1470 3101 1484 3123 ⁷
1515 3106 1688 3144 eanfled
1711 3107 1756 3146 C.
1778 3108 1829 3148 B.

241 3150 254 3171 ⁸
283 3154 471 3192 eandem
494 3185 502 3192 .
521 3185 529 3192 .
552 3185 560 3193 .
583 3156 773 3196 Paulino
795 3173 865 3200 om.
889 3160 954 3202 Bl.
1043 3164 1056 3184 ⁹
1086 3166 1272 3204 noroan-
1295 3167 1339 3207 C.
1426 3169 1458 3191 ¹⁰
1486 3169 1578 3208 XII
1598 3170 1642 3210 O.
1658 3170 1723 3210 B2.
1745 3173 1829 3213 heo

240 3230 344 3258 waes
366 3220 552 3272 twelfta,
576 3221 617 3260 A
634 3222 692 3270 S..
715 3227 743 3263 i.
758 3238 786 3265 e.
809 3227 905 3276 ipsa
925 3231 1020 3268 erat
1040 3230 1315 3273 duodecima.

987 3311 1025 3342 H
1055 3312 1078 3342 2

1904 334 2062 379 Etlwin,

1902 384 2018 427 April
2039 398 2090 420 20.

1901 434 1976 469 626.

1884 1728 2006 1764 Birth
2024 1733 2106 1765 and

1882 1779 2059 1823 baptism
2079 1781 2124 1815 of

1881 1828 2062 1866 Eanfled.
