2240 3444
404 91 511 142 228
865 89 928 141 H
930 88 1128 141 istoria
1166 89 1350 142 Eccles
1358 89 1560 142 {ctetica
1801 96 1912 148 [Lm.
1934 98 2008 137 IV.

402 236 563 286 Cuius
600 235 926 299 episcopatus
963 238 1201 299 tempore
1238 235 1456 284 deuictis
1489 237 1645 297 atque
1669 234 1859 282 amotis
1896 233 2010 282 sub-

402 319 609 382 regulis,
643 318 950 368 Caedualla1
980 319 1207 382 suscepit
1231 319 1529 382 imperium,
1559 320 1623 379 et,
1656 334 1776 365 cum
1808 317 2010 365 duobus

401 403 555 451 annis
615 403 713 451 hoc
771 403 1042 464 tenuisset,
1091 403 1306 451 tandem
1356 401 1571 464 superni
1625 401 1774 463 regni
1833 416 2010 448 amore
2077 422 2087 429 ⁴·

401 489 725 549 conpunctus
761 486 988 549 reliquit,
1033 487 1217 534 eodem
1254 486 1423 534 adhuc
1461 484 1700 547 praesule
1738 483 2009 532 ecclesiam

400 569 725 632 gubernante
751 588 761 630 ;
799 586 856 618 ac
882 570 1104 617 Romam
1129 570 1320 630 abiens,
1351 569 1425 617 ibi
1450 568 1617 616 uitam
1643 567 1834 628 finiuit,
1867 569 1927 615 ut
1952 566 2009 614 in

400 652 745 715 sequentibus
770 652 930 700 latius
956 652 1238 701 dicendum
1265 654 1357 701 est.

110 739 311 797 Etheired
329 741 376 775 of
468 735 664 784 Anno2
706 738 883 783 autem
921 736 1212 784 dominicae
1250 734 1624 783 incarnationis
1661 732 2002 793 DCLXXVI,

108 790 282 886 ξῖῗέἓς
399 836 519 867 cum
554 819 836 867 Aedilred3
863 836 953 866 rex
987 819 1313 879 Merciorum,
1353 819 1576 866 adducto
1608 817 1842 880 maligno
1873 833 2008 864 exer-

107 890 236 985 gg-nt’
258 904 343 928 A.D.
399 902 518 963 citu,
552 903 793 952 Cantiam
833 904 1062 950 uastaret
1100 905 1150 950 et
1185 902 1426 950 ecclesias
1459 919 1516 950 ac
1549 901 1867 949 monasteria
1892 900 2007 948 sine

398 988 636 1049 respectu
672 985 881 1048 pietatis
917 985 1004 1034 uel
1042 985 1210 1033 diuini
1247 986 1454 1033 timoris
1483 985 1695 1047 fedaret,
1736 985 2007 1032 ciuitatem

398 1086 605 1132 quoque
641 1069 808 1130 Hrofi,
839 1069 895 1116 in
935 1085 1036 1131 qua
1070 1072 1178 1117 erat
1212 1069 1407 1117 Putta‘*
1438 1069 1723 1131 episcopUS,
1761 1067 2006 1131 quamuis

397 1168 456 1200 eo
492 1153 730 1214 tempore
766 1152 967 1213 absens,
1013 1151 1285 1200 communi
1322 1152 1467 1200 clade
1503 1151 1775 1200 absumsit.
1856 1150 2004 1212 Quod

395 1235 486 1283 ille
534 1236 625 1283 ubi
680 1236 949 1298 conperiit‚
1007 1236 1280 1284 ecclesiam
1330 1236 1575 1284 uidelicet
1637 1252 1786 1283 suam
1847 1234 2006 1282 rebus

394 1319 583 1368 ablatis
607 1320 854 1368 omnibus
888 1320 1272 1382 depopulatam,
1306 1320 1524 1368 diuertit
1557 1320 1621 1368 ad
1656 1317 2005 1369 Sexuulfum⁵

395 1403 707 1451 Merciorum
745 1404 1054 1464 antistitem,
1104 1406 1155 1452 et
1203 1407 1411 1466 accepta
1458 1404 1522 1452 ab
1572 1421 1630 1452 eo
1679 1403 2004 1466 possessione

394 1487 636 1534 ecclesiae
679 1486 953 1535 cuiusdam
997 1489 1048 1534 et
1086 1487 1238 1550 agelli
1284 1505 1392 1536 non
1435 1487 1661 1550 grandis,
1705 1487 1903 1535 ibidem
1946 1486 2004 1534 in

393 1586 516 1632 pace
558 1570 727 1618 uitam
766 1570 956 1632 finiuit,
1007 1571 1084 1619 nil
1125 1571 1344 1620 omnino
1386 1572 1449 1620 de
1493 1571 1864 1619 restaurando⁶
1904 1569 2003 1632 epi-

394 1656 605 1716 scopatu
623 1671 717 1702 suo
735 1671 896 1717 agens
917 1673 928 1715 3
968 1655 1101 1717 quia,
1129 1655 1264 1704 sicut
1291 1658 1342 1703 et
1359 1657 1373 1676 Τ
1394 1672 1548 1717 supra
1569 1654 1812 1716 diximus,
1835 1654 2002 1718 magis

394 1737 450 1785 in
488 1737 846 1786 ecclesiasticis
880 1755 1039 1801 quam
1078 1739 1135 1787 in
1174 1739 1459 1787 mundanis
1496 1739 1650 1786 rebus
1687 1740 1797 1786 erat
1822 1739 2005 1787 indus-

393 1820 559 1882 trius3
619 1823 708 1870 sed
756 1821 812 1869 in
861 1821 952 1870 illa
1006 1823 1180 1870 solum
1228 1823 1443 1870 ecclesia
1491 1823 1600 1870 Deo
1651 1822 1896 1883 seruienS,
1952 1823 2004 1870 et

394 1904 712 1967 ubicumque
755 1905 1045 1968 rogabatur,
1095 1906 1158 1954 ad
1204 1906 1436 1954 docenda
1486 1905 1728 1954 ecclesiae
1773 1905 2004 1954 carmina

394 1987 675 2036 diuertens.
767 1988 871 2036 Pro
931 2006 1034 2052 quo
1093 1990 1399 2038 Theodorus
1457 1989 1515 2037 in
1576 1989 1786 2037 ciuitate
1848 1988 2004 2037 Hrofi

104 2078 279 2122 Bishops
296 2077 343 2112 of
395 2071 796 2120 Cuichelmum8
837 2074 1161 2121 consecrauit
1203 2073 1520 2136 episcopum.
1600 2073 1702 2122 Sed
1745 2074 1837 2122 illo
1885 2076 2004 2136 post

104 2129 341 2165 Roohester.
395 2171 503 2202 non
523 2156 537 2179 ⁹
563 2155 796 2203 multum
820 2157 1070 2218 temporis
1089 2174 1211 2219 prae
1231 2158 1406 2219 inopia
1424 2174 1600 2205 rerum
1617 2157 1681 2205 ab
1702 2157 2002 2219 episcopatu

394 2236 686 2299 decedente,
719 2240 876 2302 atque
909 2240 972 2288 ad
1010 2240 1110 2288 alia
1146 2240 1259 2288 loca
1295 2240 1581 2302 secedente,
1623 2240 2002 2289 Gebmundum

392 2337 486 2383 pro
513 2338 571 2368 eo
598 2322 872 2370 substituit
898 2323 1206 2372 antistitem.

106 2422 259 2458 Comet.
463 2405 622 2452 Anno
643 2404 677 2430 ¹⁰
719 2406 1011 2454 dominicae
1044 2407 1416 2455 incarnationis
1454 2407 1857 2468 DCLXXVIII,
1907 2407 1999 2471 qui

394 2489 473 2535 est
505 2504 676 2536 annus
719 2488 927 2551 imperii
957 2489 1094 2552 regis
1128 2489 1411 2552 Ecgfridi¹¹
1449 2490 1606 2538 VIII.
1632 2489 1678 2552 ¹²,
1719 2488 1723 2555 Ι
1756 2490 1998 2554 apparuit
2024 2502 2051 2538 f.
2074 2505 2121 2538 80
2140 2504 2173 2538 b.

391 2586 573 2620 mense
605 2573 847 2635 Augusto
884 2572 1048 2632 stella,
1089 2589 1220 2634 quae
1251 2573 1441 2621 dicitur
1472 2576 1672 2622 cometa
1697 2592 1708 2634 3
1747 2576 1799 2622 et
1829 2574 2000 2622 tribus

391 2654 662 2703 mensibus
702 2672 1031 2718 permanens,
1076 2656 1354 2704 matutinis
1397 2657 1541 2705 horis
1589 2657 1864 2719 oriebatur,
1919 2674 1999 2706 ex-

391 2734 585 2782 celsam
622 2735 874 2783 radiantis
906 2736 1148 2784 fiammae
1183 2736 1331 2799 quasi
1356 2736 1655 2785 columnam
1681 2738 1991 2799 praeferens.

449 2858 462 2881 ¹
492 2860 616 2898 cead-
633 2860 681 2900 O.
795 2860 809 2882 ²
840 2861 916 2909 HI.
939 2861 1017 2913 H2.
1031 2861 1100 2910 Al.
1116 2865 1227 2900 make
1247 2875 1273 2900 α
1286 2875 1368 2899 new
1384 2866 1536 2909 chapter
1551 2867 1661 2910 begin
1682 2868 1780 2903 ltere.
1884 2862 1899 2884 ³
1927 2878 1997 2904 ae—

392 2925 469 2963 bil·
493 2926 539 2965 C.
699 2926 715 2950 4
745 2927 876 2978 pinta
898 2928 953 2967 N.
1119 2927 1134 2949 ⁵
1163 2941 1279 2967 saec·
1300 2928 1350 2966 ΝΙ
1374 2942 1383 2977 ;
1415 2942 1535 2967 saex-
1556 2930 1612 2968 N²
1632 2943 1642 2978 ;
1673 2930 1925 2970 saexulfum
1947 2931 1995 2972 G.

392 2989 407 3012 ⁶
434 2994 550 3030 -rato
571 2991 629 3031 M.
818 2992 832 3014 ⁷
862 2996 906 3032 et
926 3007 1002 3033 om.
1025 2993 1084 3033 M.
1263 2992 1278 3014 ⁸
1308 2995 1430 3044 quic-
1453 2995 1500 3034 O.
1679 2996 1694 3019 ⁹
1723 3010 1814 3035 non
1835 3011 1912 3038 om.
1934 2999 1994 3039 Μ.

391 3055 418 3078 ¹⁰
451 3060 524 3096 The
543 3061 715 3105 capitula
734 3063 780 3107 of
793 3060 877 3100 AS.
904 3064 1015 3099 make
1036 3074 1061 3099 a
1081 3074 1163 3099 new
1189 3064 1341 3108 chapter
1360 3074 1568 3102 commence
1589 3066 1674 3102 here
1694 3076 1703 3111 3
1733 3068 1815 3102 and
1843 3078 1883 3103 so
1913 3065 1992 3117 ΗΞ.

391 3122 458 3170 Rl.
490 3124 601 3171 Oa-⁴·
623 3126 748 3176 08-10
769 3125 843 3166 διο.
929 3124 959 3146 ¹¹
989 3127 1149 3166 ecfridi
1171 3127 1233 3175 (33
1263 3128 1426 3181 egfridi
1447 3129 1502 3169 N.
1638 3127 1672 3153 ¹²
1703 3132 1788 3180 paet
1819 3132 1989 3182 nigobe‚

390 3192 419 3227 i.
435 3202 466 3227 e.
488 3202 635 3229 nonus
656 3191 741 3231 AS.
