<?xml version="1.0" encoding="UTF-8"?>
<!DOCTYPE html PUBLIC "-//W3C//DTD XHTML 1.0 Transitional//EN"
    "http://www.w3.org/TR/xhtml1/DTD/xhtml1-transitional.dtd">
<html xmlns="http://www.w3.org/1999/xhtml" xml:lang="en" lang="en">
 <head>
  <title>
</title>
<meta http-equiv="Content-Type" content="text/html;charset=utf-8" />
  <meta name='ocr-system' content='tesseract 3.04.00' />
  <meta name='ocr-capabilities' content='ocr_page ocr_carea ocr_par ocr_line ocrx_word'/>
</head>
<body>
  <div class='ocr_page' id='page_1' title='image "./venerabilisbaeda01bede_0307.png"; bbox 0 0 2240 3444; ppageno 0'>
   <div class='ocr_carea' id='block_1_1' title="bbox 223 137 1807 206">
    <p class='ocr_par' dir='ltr' id='par_1_1' title="bbox 223 137 1807 206">
     <span class='ocr_line' id='line_1_1' title="bbox 223 137 1807 206; baseline -0.001 -16"><span class='ocrx_word' id='word_1_1' title='bbox 223 151 324 190; x_wconf 60' lang='lat' dir='ltr'>Cn.</span> <span class='ocrx_word' id='word_1_2' title='bbox 347 145 465 197; x_wconf 84' lang='lat' dir='ltr'>X11.]</span> <span class='ocrx_word' id='word_1_3' title='bbox 726 137 917 190; x_wconf 73' lang='lat' dir='ltr'>Gentis</span> <span class='ocrx_word' id='word_1_4' title='bbox 956 137 1297 206; x_wconf 67' lang='lat' dir='ltr'>Angylorum.</span> <span class='ocrx_word' id='word_1_5' title='bbox 1706 137 1807 188; x_wconf 87' lang='lat'>109</span> 
     </span>
    </p>
   </div>
   <div class='ocr_carea' id='block_1_2' title="bbox 209 278 1808 2988">
    <p class='ocr_par' dir='ltr' id='par_1_2' title="bbox 210 278 1808 2573">
     <span class='ocr_line' id='line_1_2' title="bbox 222 278 1808 342; baseline 0.001 -15"><span class='ocrx_word' id='word_1_6' title='bbox 222 279 387 327; x_wconf 87' lang='lat' dir='ltr'>cedis¹</span> <span class='ocrx_word' id='word_1_7' title='bbox 427 279 546 326; x_wconf 86' lang='lat' dir='ltr'>dare</span> <span class='ocrx_word' id='word_1_8' title='bbox 588 278 719 327; x_wconf 91' lang='lat' dir='ltr'>uelis</span> <span class='ocrx_word' id='word_1_9' title='bbox 762 279 822 339; x_wconf 93' lang='lat' dir='ltr'>ei,</span> <span class='ocrx_word' id='word_1_10' title='bbox 873 279 1009 341; x_wconf 82' lang='lat' dir='ltr'>siqui</span> <span class='ocrx_word' id='word_1_11' title='bbox 1051 279 1133 339; x_wconf 91' lang='lat' dir='ltr'>sit,</span> <span class='ocrx_word' id='word_1_12' title='bbox 1178 280 1264 342; x_wconf 87' lang='lat' dir='ltr'>qui</span> <span class='ocrx_word' id='word_1_13' title='bbox 1303 280 1385 328; x_wconf 90' lang='lat' dir='ltr'>his</span> <span class='ocrx_word' id='word_1_14' title='bbox 1427 282 1478 328; x_wconf 91' lang='lat' dir='ltr'>te</span> <span class='ocrx_word' id='word_1_15' title='bbox 1521 279 1808 328; x_wconf 71' lang='lat' dir='ltr'>meroribus</span> 
     </span>
     <span class='ocr_line' id='line_1_3' title="bbox 220 361 1806 425; baseline 0.001 -16"><span class='ocrx_word' id='word_1_16' title='bbox 220 361 467 421; x_wconf 84' lang='lat' dir='ltr'>absoluat,</span> <span class='ocrx_word' id='word_1_17' title='bbox 499 363 549 408; x_wconf 88' lang='lat' dir='ltr'>et</span> <span class='ocrx_word' id='word_1_18' title='bbox 580 361 846 409; x_wconf 84' lang='lat' dir='ltr'>Redualdo</span> <span class='ocrx_word' id='word_1_19' title='bbox 876 361 1101 422; x_wconf 85' lang='lat' dir='ltr'>suadeat,</span> <span class='ocrx_word' id='word_1_20' title='bbox 1132 364 1191 410; x_wconf 88' lang='lat' dir='ltr'>ut</span> <span class='ocrx_word' id='word_1_21' title='bbox 1225 379 1318 410; x_wconf 91' lang='lat' dir='ltr'>nec</span> <span class='ocrx_word' id='word_1_22' title='bbox 1352 363 1460 424; x_wconf 89' lang='lat' dir='ltr'>ipse</span> <span class='ocrx_word' id='word_1_23' title='bbox 1493 363 1587 410; x_wconf 90' lang='lat' dir='ltr'>tibi</span> <span class='ocrx_word' id='word_1_24' title='bbox 1613 364 1806 425; x_wconf 83' lang='lat' dir='ltr'>aliquid</span> 
     </span>
     <span class='ocr_line' id='line_1_4' title="bbox 223 443 1806 506; baseline 0.001 -15"><span class='ocrx_word' id='word_1_25' title='bbox 223 444 348 491; x_wconf 86' lang='lat' dir='ltr'>mali</span> <span class='ocrx_word' id='word_1_26' title='bbox 378 443 541 502; x_wconf 79' lang='lat' dir='ltr'>faciat,</span> <span class='ocrx_word' id='word_1_27' title='bbox 574 460 667 491; x_wconf 89' lang='lat' dir='ltr'>nec</span> <span class='ocrx_word' id='word_1_28' title='bbox 704 443 810 491; x_wconf 90' lang='lat' dir='ltr'>tuis</span> <span class='ocrx_word' id='word_1_29' title='bbox 842 445 895 491; x_wconf 88' lang='lat' dir='ltr'>te</span> <span class='ocrx_word' id='word_1_30' title='bbox 928 444 1166 492; x_wconf 77' lang='lat' dir='ltr'>hostibus</span> <span class='ocrx_word' id='word_1_31' title='bbox 1202 444 1566 506; x_wconf 88' lang='lat' dir='ltr'>perimendum</span> <span class='ocrx_word' id='word_1_32' title='bbox 1603 446 1806 493; x_wconf 78' lang='lat' dir='ltr'>tradat.’</span> 
     </span>
     <span class='ocr_line' id='line_1_5' title="bbox 223 526 1807 589; baseline 0 -15"><span class='ocrx_word' id='word_1_33' title='bbox 223 527 321 587; x_wconf 81' lang='lat' dir='ltr'>Qui</span> <span class='ocrx_word' id='word_1_34' title='bbox 346 544 465 574; x_wconf 90' lang='lat' dir='ltr'>cum</span> <span class='ocrx_word' id='word_1_35' title='bbox 490 543 542 574; x_wconf 89' lang='lat' dir='ltr'>se</span> <span class='ocrx_word' id='word_1_36' title='bbox 568 526 755 586; x_wconf 88' lang='lat' dir='ltr'>omnia,</span> <span class='ocrx_word' id='word_1_37' title='bbox 788 543 916 588; x_wconf 88' lang='lat' dir='ltr'>quae</span> <span class='ocrx_word' id='word_1_38' title='bbox 942 528 1126 588; x_wconf 89' lang='lat' dir='ltr'>posset,</span> <span class='ocrx_word' id='word_1_39' title='bbox 1158 527 1278 574; x_wconf 89' lang='lat' dir='ltr'>huic</span> <span class='ocrx_word' id='word_1_40' title='bbox 1304 527 1397 575; x_wconf 88' lang='lat' dir='ltr'>tali</span> <span class='ocrx_word' id='word_1_41' title='bbox 1422 544 1513 589; x_wconf 90' lang='lat' dir='ltr'>pro</span> <span class='ocrx_word' id='word_1_42' title='bbox 1540 528 1774 575; x_wconf 77' lang='lat' dir='ltr'>mercede</span> <span class='ocrx_word' id='word_1_43' title='bbox 1790 528 1807 554; x_wconf 82' lang='lat'>2</span> 
     </span>
     <span class='ocr_line' id='line_1_6' title="bbox 220 609 1804 671; baseline 0 -13"><span class='ocrx_word' id='word_1_44' title='bbox 220 610 455 658; x_wconf 84' lang='lat' dir='ltr'>beneficii</span> <span class='ocrx_word' id='word_1_45' title='bbox 476 611 718 658; x_wconf 80' lang='lat' dir='ltr'>daturum</span> <span class='ocrx_word' id='word_1_46' title='bbox 734 625 844 657; x_wconf 91' lang='lat' dir='ltr'>esse</span> <span class='ocrx_word' id='word_1_47' title='bbox 863 609 1210 671; x_wconf 90' lang='lat' dir='ltr'>responderet,</span> <span class='ocrx_word' id='word_1_48' title='bbox 1236 609 1422 658; x_wconf 86' lang='lat' dir='ltr'>adiecit</span> <span class='ocrx_word' id='word_1_49' title='bbox 1438 609 1525 657; x_wconf 89' lang='lat' dir='ltr'>ille</span> <span class='ocrx_word' id='word_1_50' title='bbox 1547 628 1556 657; x_wconf 75' lang='grc' dir='ltr'>ε</span> <span class='ocrx_word' id='word_1_51' title='bbox 1591 611 1601 633; x_wconf 87' lang='lat'>‘</span> <span class='ocrx_word' id='word_1_52' title='bbox 1624 610 1772 671; x_wconf 77' lang='lat' dir='ltr'>Quod</span> <span class='ocrx_word' id='word_1_53' title='bbox 1790 612 1804 635; x_wconf 75' lang='lat'>³</span> 
     </span>
     <span class='ocr_line' id='line_1_7' title="bbox 221 690 1804 754; baseline 0 -14"><span class='ocrx_word' id='word_1_54' title='bbox 221 692 263 740; x_wconf 90' lang='lat' dir='ltr'>si</span> <span class='ocrx_word' id='word_1_55' title='bbox 312 692 470 740; x_wconf 83' lang='lat' dir='ltr'>etiam</span> <span class='ocrx_word' id='word_1_56' title='bbox 508 708 681 754; x_wconf 89' lang='lat' dir='ltr'>regem</span> <span class='ocrx_word' id='word_1_57' title='bbox 729 693 781 738; x_wconf 90' lang='lat' dir='ltr'>te</span> <span class='ocrx_word' id='word_1_58' title='bbox 828 690 1097 738; x_wconf 73' lang='lat' dir='ltr'>futurum⁴</span> <span class='ocrx_word' id='word_1_59' title='bbox 1148 691 1418 739; x_wconf 72' lang='lat' dir='ltr'>exstinctis</span> <span class='ocrx_word' id='word_1_60' title='bbox 1464 691 1703 740; x_wconf 87' lang='lat' dir='ltr'>hostibus</span> <span class='ocrx_word' id='word_1_61' title='bbox 1750 692 1804 740; x_wconf 87' lang='lat' dir='ltr'>in</span> 
     </span>
     <span class='ocr_line' id='line_1_8' title="bbox 221 773 1807 837; baseline 0 -15"><span class='ocrx_word' id='word_1_62' title='bbox 221 775 437 822; x_wconf 82' lang='lat' dir='ltr'>ueritate</span> <span class='ocrx_word' id='word_1_63' title='bbox 470 774 752 836; x_wconf 83' lang='lat' dir='ltr'>promittat,</span> <span class='ocrx_word' id='word_1_64' title='bbox 784 773 857 821; x_wconf 90' lang='lat' dir='ltr'>ita</span> <span class='ocrx_word' id='word_1_65' title='bbox 892 775 951 821; x_wconf 93' lang='lat' dir='ltr'>ut</span> <span class='ocrx_word' id='word_1_66' title='bbox 987 790 1093 821; x_wconf 91' lang='lat' dir='ltr'>non</span> <span class='ocrx_word' id='word_1_67' title='bbox 1130 773 1301 821; x_wconf 91' lang='lat' dir='ltr'>solum</span> <span class='ocrx_word' id='word_1_68' title='bbox 1337 790 1520 822; x_wconf 92' lang='lat' dir='ltr'>omnes</span> <span class='ocrx_word' id='word_1_69' title='bbox 1552 777 1669 822; x_wconf 89' lang='lat' dir='ltr'>tuos</span> <span class='ocrx_word' id='word_1_70' title='bbox 1698 792 1807 837; x_wconf 90' lang='lat' dir='ltr'>pro-</span> 
     </span>
     <span class='ocr_line' id='line_1_9' title="bbox 219 855 1806 919; baseline 0.001 -15"><span class='ocrx_word' id='word_1_71' title='bbox 219 857 489 919; x_wconf 84' lang='lat' dir='ltr'>genitores,</span> <span class='ocrx_word' id='word_1_72' title='bbox 538 857 626 903; x_wconf 88' lang='lat' dir='ltr'>sed</span> <span class='ocrx_word' id='word_1_73' title='bbox 670 858 720 903; x_wconf 84' lang='lat' dir='ltr'>et</span> <span class='ocrx_word' id='word_1_74' title='bbox 757 872 950 917; x_wconf 90' lang='lat' dir='ltr'>omnes,</span> <span class='ocrx_word' id='word_1_75' title='bbox 997 855 1085 918; x_wconf 87' lang='lat' dir='ltr'>qui</span> <span class='ocrx_word' id='word_1_76' title='bbox 1126 859 1246 903; x_wconf 90' lang='lat' dir='ltr'>ante</span> <span class='ocrx_word' id='word_1_77' title='bbox 1282 858 1335 904; x_wconf 90' lang='lat' dir='ltr'>te</span> <span class='ocrx_word' id='word_1_78' title='bbox 1376 873 1522 919; x_wconf 89' lang='lat' dir='ltr'>reges</span> <span class='ocrx_word' id='word_1_79' title='bbox 1560 857 1616 904; x_wconf 87' lang='lat' dir='ltr'>in</span> <span class='ocrx_word' id='word_1_80' title='bbox 1653 861 1806 919; x_wconf 88' lang='lat' dir='ltr'>gente</span> 
     </span>
     <span class='ocr_line' id='line_1_10' title="bbox 220 939 1803 1001; baseline 0.001 -15"><span class='ocrx_word' id='word_1_81' title='bbox 220 939 517 1001; x_wconf 88' lang='lat' dir='ltr'>Anglorum</span> <span class='ocrx_word' id='word_1_82' title='bbox 554 939 774 998; x_wconf 85' lang='lat' dir='ltr'>fuerant,</span> <span class='ocrx_word' id='word_1_83' title='bbox 805 940 1060 1000; x_wconf 87' lang='lat' dir='ltr'>potestate</span> <span class='ocrx_word' id='word_1_84' title='bbox 1093 939 1499 987; x_wconf 83' lang='lat' dir='ltr'>t1·anscendas‘?’</span> <span class='ocrx_word' id='word_1_85' title='bbox 1569 940 1643 987; x_wconf 90' lang='lat' dir='ltr'>At</span> <span class='ocrx_word' id='word_1_86' title='bbox 1667 940 1803 988; x_wconf 88' lang='lat' dir='ltr'>Aed-</span> 
     </span>
     <span class='ocr_line' id='line_1_11' title="bbox 219 1021 1805 1084; baseline 0.001 -15"><span class='ocrx_word' id='word_1_87' title='bbox 219 1022 363 1070; x_wconf 86' lang='lat' dir='ltr'>uini⁵</span> <span class='ocrx_word' id='word_1_88' title='bbox 407 1021 725 1069; x_wconf 81' lang='lat' dir='ltr'>constantior</span> <span class='ocrx_word' id='word_1_89' title='bbox 761 1021 1129 1084; x_wconf 84' lang='lat' dir='ltr'>interrogando</span> <span class='ocrx_word' id='word_1_90' title='bbox 1168 1021 1349 1082; x_wconf 88' lang='lat' dir='ltr'>factus,</span> <span class='ocrx_word' id='word_1_91' title='bbox 1394 1039 1501 1069; x_wconf 92' lang='lat' dir='ltr'>non</span> <span class='ocrx_word' id='word_1_92' title='bbox 1544 1022 1805 1070; x_wconf 86' lang='lat' dir='ltr'>dubitauit</span> 
     </span>
     <span class='ocr_line' id='line_1_12' title="bbox 217 1103 1798 1167; baseline 0.001 -16"><span class='ocrx_word' id='word_1_93' title='bbox 217 1104 530 1167; x_wconf 79' lang='lat' dir='ltr'>promittere,</span> <span class='ocrx_word' id='word_1_94' title='bbox 580 1104 706 1166; x_wconf 89' lang='lat' dir='ltr'>quin</span> <span class='ocrx_word' id='word_1_95' title='bbox 743 1103 802 1165; x_wconf 91' lang='lat' dir='ltr'>ei,</span> <span class='ocrx_word' id='word_1_96' title='bbox 849 1107 937 1166; x_wconf 88' lang='lat' dir='ltr'>qui</span> <span class='ocrx_word' id='word_1_97' title='bbox 974 1105 1118 1151; x_wconf 87' lang='lat' dir='ltr'>tanta</span> <span class='ocrx_word' id='word_1_98' title='bbox 1157 1103 1255 1152; x_wconf 90' lang='lat' dir='ltr'>sibi</span> <span class='ocrx_word' id='word_1_99' title='bbox 1289 1104 1537 1152; x_wconf 89' lang='lat' dir='ltr'>beneficia</span> <span class='ocrx_word' id='word_1_100' title='bbox 1573 1105 1798 1166; x_wconf 82' lang='lat' dir='ltr'>donaret,</span> 
     </span>
     <span class='ocr_line' id='line_1_13' title="bbox 216 1186 1803 1249; baseline 0.002 -15"><span class='ocrx_word' id='word_1_101' title='bbox 216 1187 390 1249; x_wconf 84' lang='lat' dir='ltr'>dignis</span> <span class='ocrx_word' id='word_1_102' title='bbox 437 1187 547 1249; x_wconf 89' lang='lat' dir='ltr'>ipse</span> <span class='ocrx_word' id='word_1_103' title='bbox 585 1187 869 1249; x_wconf 87' lang='lat' dir='ltr'>gratiarum</span> <span class='ocrx_word' id='word_1_104' title='bbox 907 1186 1200 1234; x_wconf 82' lang='lat' dir='ltr'>actionibus</span> <span class='ocrx_word' id='word_1_105' title='bbox 1246 1188 1589 1249; x_wconf 87' lang='lat' dir='ltr'>responderet.</span> <span class='ocrx_word' id='word_1_106' title='bbox 1668 1189 1803 1237; x_wconf 83' lang='lat' dir='ltr'>Tum</span> 
     </span>
     <span class='ocr_line' id='line_1_14' title="bbox 217 1269 1803 1332; baseline 0.002 -15"><span class='ocrx_word' id='word_1_107' title='bbox 217 1269 307 1317; x_wconf 93' lang='lat' dir='ltr'>ille</span> <span class='ocrx_word' id='word_1_108' title='bbox 354 1270 540 1318; x_wconf 86' lang='lat' dir='ltr'>tertio:</span> <span class='ocrx_word' id='word_1_109' title='bbox 607 1270 689 1318; x_wconf 79' lang='lat' dir='ltr'>‘si</span> <span class='ocrx_word' id='word_1_110' title='bbox 735 1269 947 1330; x_wconf 86' lang='lat' dir='ltr'>autem,’</span> <span class='ocrx_word' id='word_1_111' title='bbox 995 1269 1182 1331; x_wconf 87' lang='lat' dir='ltr'>inquit,</span> <span class='ocrx_word' id='word_1_112' title='bbox 1242 1269 1326 1330; x_wconf 86' lang='lat' dir='ltr'>‘is,</span> <span class='ocrx_word' id='word_1_113' title='bbox 1377 1269 1465 1332; x_wconf 88' lang='lat' dir='ltr'>qui</span> <span class='ocrx_word' id='word_1_114' title='bbox 1513 1270 1611 1318; x_wconf 89' lang='lat' dir='ltr'>tibi</span> <span class='ocrx_word' id='word_1_115' title='bbox 1658 1273 1803 1320; x_wconf 84' lang='lat' dir='ltr'>tanta</span> 
     </span>
     <span class='ocr_line' id='line_1_15' title="bbox 216 1352 1801 1415; baseline 0.001 -15"><span class='ocrx_word' id='word_1_116' title='bbox 216 1353 441 1415; x_wconf 87' lang='lat' dir='ltr'>taliaque</span> <span class='ocrx_word' id='word_1_117' title='bbox 482 1354 617 1401; x_wconf 85' lang='lat' dir='ltr'>dona</span> <span class='ocrx_word' id='word_1_118' title='bbox 658 1352 910 1401; x_wconf 86' lang='lat' dir='ltr'>ueraciter</span> <span class='ocrx_word' id='word_1_119' title='bbox 951 1352 1237 1400; x_wconf 86' lang='lat' dir='ltr'>aduentura</span> <span class='ocrx_word' id='word_1_120' title='bbox 1271 1353 1597 1414; x_wconf 79' lang='lat' dir='ltr'>praedixerit,</span> <span class='ocrx_word' id='word_1_121' title='bbox 1646 1354 1801 1402; x_wconf 88' lang='lat' dir='ltr'>etiam</span> 
     </span>
     <span class='ocr_line' id='line_1_16' title="bbox 217 1434 1795 1498; baseline 0.001 -15"><span class='ocrx_word' id='word_1_122' title='bbox 217 1436 495 1483; x_wconf 90' lang='lat' dir='ltr'>consilium</span> <span class='ocrx_word' id='word_1_123' title='bbox 519 1435 615 1483; x_wconf 90' lang='lat' dir='ltr'>tibi</span> <span class='ocrx_word' id='word_1_124' title='bbox 632 1437 751 1483; x_wconf 90' lang='lat' dir='ltr'>tuae</span> <span class='ocrx_word' id='word_1_125' title='bbox 777 1434 958 1483; x_wconf 90' lang='lat' dir='ltr'>salutis</span> <span class='ocrx_word' id='word_1_126' title='bbox 984 1451 1041 1482; x_wconf 91' lang='lat' dir='ltr'>ac</span> <span class='ocrx_word' id='word_1_127' title='bbox 1060 1435 1199 1483; x_wconf 89' lang='lat' dir='ltr'>uitae</span> <span class='ocrx_word' id='word_1_128' title='bbox 1218 1435 1408 1482; x_wconf 89' lang='lat' dir='ltr'>melius</span> <span class='ocrx_word' id='word_1_129' title='bbox 1427 1437 1580 1498; x_wconf 86' lang='lat' dir='ltr'>atque</span> <span class='ocrx_word' id='word_1_130' title='bbox 1602 1437 1795 1498; x_wconf 83' lang='lat' dir='ltr'>utilius,</span> 
     </span>
     <span class='ocr_line' id='line_1_17' title="bbox 218 1517 1800 1582; baseline 0.001 -16"><span class='ocrx_word' id='word_1_131' title='bbox 218 1535 372 1580; x_wconf 86' lang='lat' dir='ltr'>quam</span> <span class='ocrx_word' id='word_1_132' title='bbox 397 1518 585 1580; x_wconf 86' lang='lat' dir='ltr'>aliquis</span> <span class='ocrx_word' id='word_1_133' title='bbox 609 1519 673 1566; x_wconf 88' lang='lat' dir='ltr'>de</span> <span class='ocrx_word' id='word_1_134' title='bbox 697 1517 803 1566; x_wconf 87' lang='lat' dir='ltr'>tuis</span> <span class='ocrx_word' id='word_1_135' title='bbox 832 1517 1136 1580; x_wconf 87' lang='lat' dir='ltr'>parentibus</span> <span class='ocrx_word' id='word_1_136' title='bbox 1164 1520 1253 1566; x_wconf 87' lang='lat' dir='ltr'>aut</span> <span class='ocrx_word' id='word_1_137' title='bbox 1287 1518 1518 1580; x_wconf 87' lang='lat' dir='ltr'>cognatis</span> <span class='ocrx_word' id='word_1_138' title='bbox 1550 1536 1800 1582; x_wconf 79' lang='lat' dir='ltr'>umquam</span> 
     </span>
     <span class='ocr_line' id='line_1_18' title="bbox 216 1600 1802 1663; baseline 0.002 -15"><span class='ocrx_word' id='word_1_139' title='bbox 216 1601 431 1661; x_wconf 87' lang='lat' dir='ltr'>audiuit,</span> <span class='ocrx_word' id='word_1_140' title='bbox 478 1601 745 1649; x_wconf 86' lang='lat' dir='ltr'>ostendere</span> <span class='ocrx_word' id='word_1_141' title='bbox 793 1600 1034 1663; x_wconf 87' lang='lat' dir='ltr'>potuerit,</span> <span class='ocrx_word' id='word_1_142' title='bbox 1078 1617 1209 1648; x_wconf 90' lang='lat' dir='ltr'>num</span> <span class='ocrx_word' id='word_1_143' title='bbox 1253 1601 1300 1648; x_wconf 92' lang='lat' dir='ltr'>ei</span> <span class='ocrx_word' id='word_1_144' title='bbox 1340 1601 1707 1663; x_wconf 86' lang='lat' dir='ltr'>obtemperare,</span> <span class='ocrx_word' id='word_1_145' title='bbox 1751 1606 1802 1651; x_wconf 88' lang='lat' dir='ltr'>et</span> 
     </span>
     <span class='ocr_line' id='line_1_19' title="bbox 216 1683 1802 1745; baseline 0.001 -15"><span class='ocrx_word' id='word_1_146' title='bbox 216 1683 415 1731; x_wconf 84' lang='lat' dir='ltr'>monita</span> <span class='ocrx_word' id='word_1_147' title='bbox 447 1683 558 1731; x_wconf 90' lang='lat' dir='ltr'>eius</span> <span class='ocrx_word' id='word_1_148' title='bbox 588 1683 832 1731; x_wconf 86' lang='lat' dir='ltr'>salutaria</span> <span class='ocrx_word' id='word_1_149' title='bbox 867 1683 1126 1745; x_wconf 85' lang='lat' dir='ltr'>suscipere</span> <span class='ocrx_word' id='word_1_150' title='bbox 1160 1683 1422 1731; x_wconf 89' lang='lat' dir='ltr'>consentis</span> <span class='ocrx_word' id='word_1_151' title='bbox 1442 1685 1466 1731; x_wconf 86' lang='lat'>‘?</span> <span class='ocrx_word' id='word_1_152' title='bbox 1486 1684 1496 1700; x_wconf 92' lang='lat'><em>&#39;</em></span> <span class='ocrx_word' id='word_1_153' title='bbox 1567 1684 1673 1732; x_wconf 86' lang='lat' dir='ltr'>Nec</span> <span class='ocrx_word' id='word_1_154' title='bbox 1707 1684 1802 1733; x_wconf 85' lang='lat' dir='ltr'>dis-</span> 
     </span>
     <span class='ocr_line' id='line_1_20' title="bbox 215 1765 1801 1828; baseline 0.001 -15"><span class='ocrx_word' id='word_1_155' title='bbox 215 1765 338 1813; x_wconf 88' lang='lat' dir='ltr'>tulit</span> <span class='ocrx_word' id='word_1_156' title='bbox 372 1766 631 1826; x_wconf 80' lang='lat' dir='ltr'>AEduini⁶,</span> <span class='ocrx_word' id='word_1_157' title='bbox 665 1766 789 1827; x_wconf 83' lang='lat' dir='ltr'>quin</span> <span class='ocrx_word' id='word_1_158' title='bbox 826 1765 1073 1813; x_wconf 90' lang='lat' dir='ltr'>continuo</span> <span class='ocrx_word' id='word_1_159' title='bbox 1106 1766 1436 1828; x_wconf 86' lang='lat' dir='ltr'>polliceretur</span> <span class='ocrx_word' id='word_1_160' title='bbox 1468 1765 1524 1813; x_wconf 89' lang='lat' dir='ltr'>in</span> <span class='ocrx_word' id='word_1_161' title='bbox 1557 1767 1801 1816; x_wconf 88' lang='lat' dir='ltr'>omnibus</span> 
     </span>
     <span class='ocr_line' id='line_1_21' title="bbox 215 1848 1801 1912; baseline 0.001 -17"><span class='ocrx_word' id='word_1_162' title='bbox 215 1864 269 1895; x_wconf 90' lang='lat' dir='ltr'>se</span> <span class='ocrx_word' id='word_1_163' title='bbox 308 1851 607 1896; x_wconf 88' lang='lat' dir='ltr'>secuturum</span> <span class='ocrx_word' id='word_1_164' title='bbox 648 1848 937 1896; x_wconf 84' lang='lat' dir='ltr'>doctrinam</span> <span class='ocrx_word' id='word_1_165' title='bbox 986 1849 1142 1910; x_wconf 88' lang='lat' dir='ltr'>illius,</span> <span class='ocrx_word' id='word_1_166' title='bbox 1188 1849 1278 1912; x_wconf 88' lang='lat' dir='ltr'>qui</span> <span class='ocrx_word' id='word_1_167' title='bbox 1315 1866 1369 1897; x_wconf 92' lang='lat' dir='ltr'>se</span> <span class='ocrx_word' id='word_1_168' title='bbox 1410 1851 1488 1897; x_wconf 87' lang='lat' dir='ltr'>t-ot</span> <span class='ocrx_word' id='word_1_169' title='bbox 1535 1866 1591 1897; x_wconf 89' lang='lat' dir='ltr'>ac</span> <span class='ocrx_word' id='word_1_170' title='bbox 1639 1850 1801 1898; x_wconf 86' lang='lat' dir='ltr'>tantis</span> 
     </span>
     <span class='ocr_line' id='line_1_22' title="bbox 214 1929 1795 1995; baseline 0.002 -17"><span class='ocrx_word' id='word_1_171' title='bbox 214 1929 592 1978; x_wconf 79' lang='lat' dir='ltr'>calamitatibus</span> <span class='ocrx_word' id='word_1_172' title='bbox 635 1933 885 1993; x_wconf 88' lang='lat' dir='ltr'>ereptum,</span> <span class='ocrx_word' id='word_1_173' title='bbox 934 1932 997 1979; x_wconf 87' lang='lat' dir='ltr'>ad</span> <span class='ocrx_word' id='word_1_174' title='bbox 1041 1932 1188 1994; x_wconf 86' lang='lat' dir='ltr'>regni</span> <span class='ocrx_word' id='word_1_175' title='bbox 1235 1933 1431 1995; x_wconf 84' lang='lat' dir='ltr'>apicem</span> <span class='ocrx_word' id='word_1_176' title='bbox 1478 1933 1795 1994; x_wconf 86' lang='lat' dir='ltr'>proueheret.</span> 
     </span>
     <span class='ocr_line' id='line_1_23' title="bbox 215 2012 1802 2077; baseline 0.002 -17"><span class='ocrx_word' id='word_1_177' title='bbox 215 2012 327 2074; x_wconf 77' lang='lat' dir='ltr'>Quo</span> <span class='ocrx_word' id='word_1_178' title='bbox 375 2015 578 2075; x_wconf 85' lang='lat' dir='ltr'>accepto</span> <span class='ocrx_word' id='word_1_179' title='bbox 621 2030 880 2075; x_wconf 88' lang='lat' dir='ltr'>responso,</span> <span class='ocrx_word' id='word_1_180' title='bbox 929 2014 1202 2062; x_wconf 89' lang='lat' dir='ltr'>confestim</span> <span class='ocrx_word' id='word_1_181' title='bbox 1250 2015 1308 2076; x_wconf 88' lang='lat' dir='ltr'>is,</span> <span class='ocrx_word' id='word_1_182' title='bbox 1357 2014 1446 2077; x_wconf 87' lang='lat' dir='ltr'>qui</span> <span class='ocrx_word' id='word_1_183' title='bbox 1494 2015 1802 2077; x_wconf 86' lang='lat' dir='ltr'>loquebatur</span> 
     </span>
     <span class='ocr_line' id='line_1_24' title="bbox 213 2096 1800 2160; baseline 0.002 -16"><span class='ocrx_word' id='word_1_184' title='bbox 213 2113 332 2144; x_wconf 91' lang='lat' dir='ltr'>cum</span> <span class='ocrx_word' id='word_1_185' title='bbox 370 2113 441 2157; x_wconf 89' lang='lat' dir='ltr'>eo,</span> <span class='ocrx_word' id='word_1_186' title='bbox 487 2096 717 2158; x_wconf 89' lang='lat' dir='ltr'>inposuit</span> <span class='ocrx_word' id='word_1_187' title='bbox 757 2097 1023 2145; x_wconf 86' lang='lat' dir='ltr'>dexteram</span> <span class='ocrx_word' id='word_1_188' title='bbox 1065 2114 1213 2146; x_wconf 89' lang='lat' dir='ltr'>suam</span> <span class='ocrx_word' id='word_1_189' title='bbox 1250 2098 1404 2160; x_wconf 89' lang='lat' dir='ltr'>capiti</span> <span class='ocrx_word' id='word_1_190' title='bbox 1441 2097 1551 2145; x_wconf 91' lang='lat' dir='ltr'>eius</span> <span class='ocrx_word' id='word_1_191' title='bbox 1593 2098 1800 2147; x_wconf 88' lang='lat' dir='ltr'>dicens:</span> 
     </span>
     <span class='ocr_line' id='line_1_25' title="bbox 218 2179 1801 2242; baseline 0.001 -14"><span class='ocrx_word' id='word_1_192' title='bbox 218 2179 230 2202; x_wconf 83' lang='lat'>‘</span> <span class='ocrx_word' id='word_1_193' title='bbox 247 2180 378 2228; x_wconf 87' lang='lat' dir='ltr'>Cum</span> <span class='ocrx_word' id='word_1_194' title='bbox 404 2180 500 2228; x_wconf 89' lang='lat' dir='ltr'>hoc</span> <span class='ocrx_word' id='word_1_195' title='bbox 527 2197 647 2242; x_wconf 86' lang='lat' dir='ltr'>ergo</span> <span class='ocrx_word' id='word_1_196' title='bbox 670 2179 767 2227; x_wconf 88' lang='lat' dir='ltr'>tibi</span> <span class='ocrx_word' id='word_1_197' title='bbox 793 2180 1003 2242; x_wconf 87' lang='lat' dir='ltr'>signum</span> <span class='ocrx_word' id='word_1_198' title='bbox 1033 2181 1318 2242; x_wconf 87' lang='lat' dir='ltr'>aduenerit,</span> <span class='ocrx_word' id='word_1_199' title='bbox 1349 2183 1617 2229; x_wconf 88' lang='lat' dir='ltr'>memento</span> <span class='ocrx_word' id='word_1_200' title='bbox 1645 2182 1801 2230; x_wconf 90' lang='lat' dir='ltr'>huius</span> 
     </span>
     <span class='ocr_line' id='line_1_26' title="bbox 212 2262 1800 2326; baseline 0.003 -17"><span class='ocrx_word' id='word_1_201' title='bbox 212 2262 462 2324; x_wconf 88' lang='lat' dir='ltr'>temporis</span> <span class='ocrx_word' id='word_1_202' title='bbox 506 2279 562 2309; x_wconf 84' lang='lat' dir='ltr'>ac</span> <span class='ocrx_word' id='word_1_203' title='bbox 605 2262 860 2325; x_wconf 87' lang='lat' dir='ltr'>loquellae</span> <span class='ocrx_word' id='word_1_204' title='bbox 899 2265 1122 2321; x_wconf 83' lang='lat' dir='ltr'>nostrae,</span> <span class='ocrx_word' id='word_1_205' title='bbox 1153 2265 1205 2312; x_wconf 90' lang='lat' dir='ltr'>et</span> <span class='ocrx_word' id='word_1_206' title='bbox 1241 2281 1312 2325; x_wconf 92' lang='lat' dir='ltr'>ea,</span> <span class='ocrx_word' id='word_1_207' title='bbox 1353 2281 1481 2326; x_wconf 87' lang='lat' dir='ltr'>quae</span> <span class='ocrx_word' id='word_1_208' title='bbox 1517 2280 1657 2311; x_wconf 90' lang='lat' dir='ltr'>nunc</span> <span class='ocrx_word' id='word_1_209' title='bbox 1692 2281 1800 2326; x_wconf 92' lang='lat' dir='ltr'>pro-</span> 
     </span>
     <span class='ocr_line' id='line_1_27' title="bbox 212 2345 1793 2407; baseline 0.002 -15"><span class='ocrx_word' id='word_1_210' title='bbox 212 2345 393 2405; x_wconf 88' lang='lat' dir='ltr'>mittis,</span> <span class='ocrx_word' id='word_1_211' title='bbox 424 2345 706 2406; x_wconf 86' lang='lat' dir='ltr'>adimplere</span> <span class='ocrx_word' id='word_1_212' title='bbox 730 2362 795 2393; x_wconf 92' lang='lat' dir='ltr'>ne</span> <span class='ocrx_word' id='word_1_213' title='bbox 822 2345 1059 2395; x_wconf 85' lang='lat' dir='ltr'>differas.’</span> <span class='ocrx_word' id='word_1_214' title='bbox 1131 2347 1200 2394; x_wconf 89' lang='lat' dir='ltr'>Et</span> <span class='ocrx_word' id='word_1_215' title='bbox 1225 2347 1310 2394; x_wconf 89' lang='lat' dir='ltr'>his</span> <span class='ocrx_word' id='word_1_216' title='bbox 1334 2347 1499 2407; x_wconf 88' lang='lat' dir='ltr'>dictis,</span> <span class='ocrx_word' id='word_1_217' title='bbox 1526 2349 1585 2394; x_wconf 93' lang='lat' dir='ltr'>ut</span> <span class='ocrx_word' id='word_1_218' title='bbox 1605 2347 1793 2407; x_wconf 88' lang='lat' dir='ltr'>ferunt,</span> 
     </span>
     <span class='ocr_line' id='line_1_28' title="bbox 210 2428 1793 2491; baseline 0.001 -16"><span class='ocrx_word' id='word_1_219' title='bbox 210 2430 422 2490; x_wconf 86' lang='lat' dir='ltr'>repente</span> <span class='ocrx_word' id='word_1_220' title='bbox 460 2428 720 2490; x_wconf 84' lang='lat' dir='ltr'>disparuit,</span> <span class='ocrx_word' id='word_1_221' title='bbox 763 2431 822 2476; x_wconf 91' lang='lat' dir='ltr'>ut</span> <span class='ocrx_word' id='word_1_222' title='bbox 858 2428 1184 2491; x_wconf 83' lang='lat' dir='ltr'>intellegeret</span> <span class='ocrx_word' id='word_1_223' title='bbox 1221 2447 1329 2477; x_wconf 93' lang='lat' dir='ltr'>non</span> <span class='ocrx_word' id='word_1_224' title='bbox 1360 2429 1630 2477; x_wconf 87' lang='lat' dir='ltr'>hominem</span> <span class='ocrx_word' id='word_1_225' title='bbox 1669 2447 1793 2491; x_wconf 91' lang='lat' dir='ltr'>esse,</span> 
     </span>
     <span class='ocr_line' id='line_1_29' title="bbox 211 2510 1182 2573; baseline 0 -16"><span class='ocrx_word' id='word_1_226' title='bbox 211 2510 300 2573; x_wconf 87' lang='lat' dir='ltr'>qui</span> <span class='ocrx_word' id='word_1_227' title='bbox 325 2510 423 2558; x_wconf 90' lang='lat' dir='ltr'>sibi</span> <span class='ocrx_word' id='word_1_228' title='bbox 448 2510 778 2572; x_wconf 88' lang='lat' dir='ltr'>apparuisset,</span> <span class='ocrx_word' id='word_1_229' title='bbox 812 2511 900 2559; x_wconf 90' lang='lat' dir='ltr'>sed</span> <span class='ocrx_word' id='word_1_230' title='bbox 925 2511 1182 2573; x_wconf 88' lang='lat' dir='ltr'>spiritum.</span> 
     </span>
    </p>

    <p class='ocr_par' dir='ltr' id='par_1_3' title="bbox 209 2593 1798 2988">
     <span class='ocr_line' id='line_1_30' title="bbox 279 2593 1791 2656; baseline 0.003 -17"><span class='ocrx_word' id='word_1_231' title='bbox 279 2593 347 2640; x_wconf 89' lang='lat' dir='ltr'>Et</span> <span class='ocrx_word' id='word_1_232' title='bbox 377 2610 496 2640; x_wconf 91' lang='lat' dir='ltr'>cum</span> <span class='ocrx_word' id='word_1_233' title='bbox 529 2593 701 2656; x_wconf 90' lang='lat' dir='ltr'>regius</span> <span class='ocrx_word' id='word_1_234' title='bbox 730 2593 937 2641; x_wconf 88' lang='lat' dir='ltr'>iuuenis</span> <span class='ocrx_word' id='word_1_235' title='bbox 971 2595 1110 2642; x_wconf 88' lang='lat' dir='ltr'>solus</span> <span class='ocrx_word' id='word_1_236' title='bbox 1148 2595 1315 2643; x_wconf 86' lang='lat' dir='ltr'>adhuc</span> <span class='ocrx_word' id='word_1_237' title='bbox 1348 2595 1544 2644; x_wconf 88' lang='lat' dir='ltr'>ibidem</span> <span class='ocrx_word' id='word_1_238' title='bbox 1579 2597 1791 2652; x_wconf 87' lang='lat' dir='ltr'>sederet,</span> 
     </span>
     <span class='ocr_line' id='line_1_31' title="bbox 211 2675 1797 2741; baseline 0.003 -18"><span class='ocrx_word' id='word_1_239' title='bbox 211 2675 419 2738; x_wconf 86' lang='lat' dir='ltr'>gauisus</span> <span class='ocrx_word' id='word_1_240' title='bbox 444 2676 654 2737; x_wconf 88' lang='lat' dir='ltr'>quidem</span> <span class='ocrx_word' id='word_1_241' title='bbox 688 2677 751 2724; x_wconf 88' lang='lat' dir='ltr'>de</span> <span class='ocrx_word' id='word_1_242' title='bbox 788 2677 990 2724; x_wconf 86' lang='lat' dir='ltr'>conlata</span> <span class='ocrx_word' id='word_1_243' title='bbox 1015 2677 1114 2724; x_wconf 90' lang='lat' dir='ltr'>sibi</span> <span class='ocrx_word' id='word_1_244' title='bbox 1149 2678 1510 2741; x_wconf 89' lang='lat' dir='ltr'>consolatione,</span> <span class='ocrx_word' id='word_1_245' title='bbox 1542 2681 1631 2728; x_wconf 88' lang='lat' dir='ltr'>sed</span> <span class='ocrx_word' id='word_1_246' title='bbox 1661 2680 1797 2727; x_wconf 91' lang='lat' dir='ltr'>mul-</span> 
     </span>
     <span class='ocr_line' id='line_1_32' title="bbox 210 2759 1798 2824; baseline 0.003 -19"><span class='ocrx_word' id='word_1_247' title='bbox 210 2761 324 2806; x_wconf 88' lang='lat' dir='ltr'>tum</span> <span class='ocrx_word' id='word_1_248' title='bbox 363 2759 626 2819; x_wconf 84' lang='lat' dir='ltr'>sollicitus,</span> <span class='ocrx_word' id='word_1_249' title='bbox 668 2776 724 2806; x_wconf 91' lang='lat' dir='ltr'>ac</span> <span class='ocrx_word' id='word_1_250' title='bbox 760 2761 936 2806; x_wconf 90' lang='lat' dir='ltr'>mente</span> <span class='ocrx_word' id='word_1_251' title='bbox 972 2760 1151 2808; x_wconf 86' lang='lat' dir='ltr'>sedula</span> <span class='ocrx_word' id='word_1_252' title='bbox 1193 2760 1435 2823; x_wconf 86' lang='lat' dir='ltr'>cogitans,</span> <span class='ocrx_word' id='word_1_253' title='bbox 1480 2763 1627 2824; x_wconf 82' lang='lat' dir='ltr'>quis⁷</span> <span class='ocrx_word' id='word_1_254' title='bbox 1664 2765 1798 2810; x_wconf 90' lang='lat' dir='ltr'>esset</span> 
     </span>
     <span class='ocr_line' id='line_1_33' title="bbox 210 2841 1797 2907; baseline 0.003 -19"><span class='ocrx_word' id='word_1_255' title='bbox 210 2841 312 2902; x_wconf 89' lang='lat' dir='ltr'>ille,</span> <span class='ocrx_word' id='word_1_256' title='bbox 353 2841 438 2888; x_wconf 90' lang='lat' dir='ltr'>uel</span> <span class='ocrx_word' id='word_1_257' title='bbox 472 2842 610 2889; x_wconf 88' lang='lat' dir='ltr'>unde</span> <span class='ocrx_word' id='word_1_258' title='bbox 646 2842 862 2903; x_wconf 83' lang='lat' dir='ltr'>ueniret,</span> <span class='ocrx_word' id='word_1_259' title='bbox 902 2842 991 2905; x_wconf 89' lang='lat' dir='ltr'>qui</span> <span class='ocrx_word' id='word_1_260' title='bbox 1026 2843 1150 2891; x_wconf 90' lang='lat' dir='ltr'>haec</span> <span class='ocrx_word' id='word_1_261' title='bbox 1186 2844 1285 2891; x_wconf 90' lang='lat' dir='ltr'>sibi</span> <span class='ocrx_word' id='word_1_262' title='bbox 1313 2844 1618 2907; x_wconf 86' lang='lat' dir='ltr'>loqueretur,</span> <span class='ocrx_word' id='word_1_263' title='bbox 1650 2845 1797 2892; x_wconf 90' lang='lat' dir='ltr'>uenit</span> 
     </span>
     <span class='ocr_line' id='line_1_34' title="bbox 209 2923 1797 2988; baseline 0.002 -16"><span class='ocrx_word' id='word_1_264' title='bbox 209 2924 273 2972; x_wconf 87' lang='lat' dir='ltr'>ad</span> <span class='ocrx_word' id='word_1_265' title='bbox 299 2940 418 2971; x_wconf 90' lang='lat' dir='ltr'>eum</span> <span class='ocrx_word' id='word_1_266' title='bbox 444 2923 701 2985; x_wconf 82' lang='lat' dir='ltr'>praefatus</span> <span class='ocrx_word' id='word_1_267' title='bbox 726 2925 922 2973; x_wconf 90' lang='lat' dir='ltr'>amicus</span> <span class='ocrx_word' id='word_1_268' title='bbox 946 2925 1103 2986; x_wconf 88' lang='lat' dir='ltr'>illius,</span> <span class='ocrx_word' id='word_1_269' title='bbox 1129 2926 1365 2988; x_wconf 87' lang='lat' dir='ltr'>laetoque</span> <span class='ocrx_word' id='word_1_270' title='bbox 1385 2927 1538 2974; x_wconf 90' lang='lat' dir='ltr'>uultu</span> <span class='ocrx_word' id='word_1_271' title='bbox 1564 2927 1797 2975; x_wconf 86' lang='lat' dir='ltr'>salutans</span> 
     </span>
    </p>
   </div>
   <div class='ocr_carea' id='block_1_3' title="bbox 208 3070 1794 3248">
    <p class='ocr_par' dir='ltr' id='par_1_4' title="bbox 208 3070 1794 3248">
     <span class='ocr_line' id='line_1_35' title="bbox 266 3070 1794 3125; baseline 0.003 -16"><span class='ocrx_word' id='word_1_272' title='bbox 266 3070 279 3092; x_wconf 88' lang='lat'>¹</span> <span class='ocrx_word' id='word_1_273' title='bbox 309 3074 470 3110; x_wconf 81' lang='lat' dir='ltr'>mercis</span> <span class='ocrx_word' id='word_1_274' title='bbox 491 3072 535 3110; x_wconf 91' lang='lat' dir='ltr'>M</span> <span class='ocrx_word' id='word_1_275' title='bbox 557 3086 566 3120; x_wconf 89' lang='lat'>;</span> <span class='ocrx_word' id='word_1_276' title='bbox 588 3074 797 3113; x_wconf 86' lang='lat' dir='ltr'>mercidis</span> <span class='ocrx_word' id='word_1_277' title='bbox 819 3073 884 3113; x_wconf 82' lang='lat' dir='ltr'>B1.</span> <span class='ocrx_word' id='word_1_278' title='bbox 1073 3073 1088 3096; x_wconf 81' lang='lat'>2</span> <span class='ocrx_word' id='word_1_279' title='bbox 1115 3075 1306 3114; x_wconf 76' lang='lat' dir='ltr'>mercide</span> <span class='ocrx_word' id='word_1_280' title='bbox 1322 3074 1393 3113; x_wconf 67' lang='lat' dir='ltr'>Ml.</span> <span class='ocrx_word' id='word_1_281' title='bbox 1562 3076 1576 3098; x_wconf 80' lang='lat'>³</span> <span class='ocrx_word' id='word_1_282' title='bbox 1605 3076 1714 3125; x_wconf 85' lang='lat' dir='ltr'>quid</span> <span class='ocrx_word' id='word_1_283' title='bbox 1729 3075 1794 3115; x_wconf 69' lang='lat'>13².</span> 
     </span>
     <span class='ocr_line' id='line_1_36' title="bbox 208 3136 1790 3189; baseline 0.002 -12"><span class='ocrx_word' id='word_1_284' title='bbox 208 3136 223 3158; x_wconf 75' lang='lat'>⁴</span> <span class='ocrx_word' id='word_1_285' title='bbox 255 3140 300 3177; x_wconf 90' lang='lat' dir='ltr'>te</span> <span class='ocrx_word' id='word_1_286' title='bbox 314 3138 515 3176; x_wconf 88' lang='lat' dir='ltr'>futurum</span> <span class='ocrx_word' id='word_1_287' title='bbox 533 3151 606 3176; x_wconf 80' lang='lat' dir='ltr'>om.</span> <span class='ocrx_word' id='word_1_288' title='bbox 624 3138 675 3177; x_wconf 87' lang='lat' dir='ltr'>B.</span> <span class='ocrx_word' id='word_1_289' title='bbox 779 3139 794 3163; x_wconf 87' lang='lat'>⁵</span> <span class='ocrx_word' id='word_1_290' title='bbox 824 3153 859 3178; x_wconf 84' lang='lat' dir='ltr'>v.</span> <span class='ocrx_word' id='word_1_291' title='bbox 881 3142 986 3178; x_wconf 90' lang='lat' dir='ltr'>note</span> <span class='ocrx_word' id='word_1_292' title='bbox 1001 3140 1031 3188; x_wconf 87' lang='lat'>⁵,</span> <span class='ocrx_word' id='word_1_293' title='bbox 1052 3151 1092 3189; x_wconf 89' lang='lat' dir='ltr'>p.</span> <span class='ocrx_word' id='word_1_294' title='bbox 1120 3141 1209 3180; x_wconf 88' lang='lat'>108.</span> <span class='ocrx_word' id='word_1_295' title='bbox 1313 3139 1327 3162; x_wconf 76' lang='lat'><strong>⁶</strong></span> <span class='ocrx_word' id='word_1_296' title='bbox 1356 3141 1514 3179; x_wconf 87' lang='lat' dir='ltr'>eduini</span> <span class='ocrx_word' id='word_1_297' title='bbox 1536 3140 1590 3179; x_wconf 76' lang='grc' dir='ltr'>Β1</span> <span class='ocrx_word' id='word_1_298' title='bbox 1610 3154 1618 3189; x_wconf 92' lang='grc'><strong>;</strong></span> <span class='ocrx_word' id='word_1_299' title='bbox 1650 3154 1724 3181; x_wconf 90' lang='lat' dir='ltr'>-ne</span> <span class='ocrx_word' id='word_1_300' title='bbox 1746 3143 1790 3181; x_wconf 88' lang='lat' dir='ltr'>C.</span> 
     </span>
     <span class='ocr_line' id='line_1_37' title="bbox 209 3197 648 3248; baseline 0.005 -10"><span class='ocrx_word' id='word_1_301' title='bbox 209 3197 279 3238; x_wconf 81' lang='lat'>132.</span> <span class='ocrx_word' id='word_1_302' title='bbox 428 3197 443 3220; x_wconf 89' lang='lat'>⁷</span> <span class='ocrx_word' id='word_1_303' title='bbox 474 3201 551 3248; x_wconf 88' lang='lat' dir='ltr'>qui</span> <span class='ocrx_word' id='word_1_304' title='bbox 573 3200 648 3240; x_wconf 90' lang='lat' dir='ltr'>M¹.</span> 
     </span>
    </p>
   </div>
   <div class='ocr_carea' id='block_1_4' title="bbox 1835 619 2053 811">
    <p class='ocr_par' dir='ltr' id='par_1_5' title="bbox 1835 619 2053 811">
     <span class='ocr_line' id='line_1_38' title="bbox 1838 619 2050 663; baseline 0.005 -11"><span class='ocrx_word' id='word_1_305' title='bbox 1838 619 2050 663; x_wconf 78' lang='lat' dir='ltr'>Pr‹›phe‹·y</span> 
     </span>
     <span class='ocr_line' id='line_1_39' title="bbox 1836 669 1962 703; baseline 0.008 -1"><span class='ocrx_word' id='word_1_306' title='bbox 1836 670 1881 703; x_wconf 83' lang='lat' dir='ltr'>of</span> <span class='ocrx_word' id='word_1_307' title='bbox 1895 669 1962 703; x_wconf 83' lang='lat' dir='ltr'>his</span> 
     </span>
     <span class='ocr_line' id='line_1_40' title="bbox 1835 718 1973 754; baseline 0.007 -2"><span class='ocrx_word' id='word_1_308' title='bbox 1835 718 1973 754; x_wconf 85' lang='lat' dir='ltr'>future</span> 
     </span>
     <span class='ocr_line' id='line_1_41' title="bbox 1835 772 2053 811; baseline -0.009 -7"><span class='ocrx_word' id='word_1_309' title='bbox 1835 772 1976 811; x_wconf 72' lang='lat' dir='ltr'>greatn</span> <span class='ocrx_word' id='word_1_310' title='bbox 1983 779 2053 803; x_wconf 74' lang='lat' dir='ltr'>ess.</span> 
     </span>
    </p>
   </div>
  </div>
 </body>
</html>
