2240 3444
397 117 502 168 182
847 116 913 168 H
916 116 1114 170 betorica
1152 115 1545 169 Ecclesiastica
1787 123 1896 176 [Lm.
1923 129 1998 168 111.

394 263 672 311 catholicae
729 263 1120 325 obseruationis,
1169 264 1382 312 nomine
1430 264 1743 312 Romanum.
1845 262 2002 311 Unde

394 363 797 410 nonnumquam
829 347 1105 411 contigisse
1130 347 1298 395 fertur
1326 346 1435 395 illis
1468 346 1804 409 temporibus,
1836 347 1895 394 ut
1919 346 2001 393 bis

394 429 448 476 in
486 447 625 478 anno
661 448 767 479 uno
805 431 996 493 pascha
1032 431 1391 491 celebraretur,
1434 433 1486 479 et
1525 448 1645 479 cum
1687 447 1779 479 rex
1813 429 2003 492 pascha

395 514 717 562 dominicum
761 515 945 562 solutis
985 514 1198 562 ieiuniis
1239 514 1441 574 faceret,
1489 517 1607 562 tum
1657 513 1838 576 regina
1880 530 2001 561 cum

395 596 503 644 suis
534 597 819 659 persistens
853 598 1023 645 adhuc
1059 597 1116 644 in
1154 596 1352 644 ieiunio
1383 598 1521 645 diem
1556 596 1852 659 palmarum
1878 595 2003 643 cele-

394 679 578 728 braret.
645 679 790 727 Haec
814 682 990 728 autem
1018 680 1339 728 dissonantia
1363 679 1620 742 paschalis
1646 678 2002 726 obseruantiae

395 762 612 810 uiuente
636 763 843 811 Aidano
879 763 1138 825 patienter
1174 763 1238 811 ab
1273 763 1518 811 omnibus
1551 762 1880 822 tolerabatur,
1913 763 2003 824 qui

394 848 634 909 patenter
667 846 1049 906 intellexerant,
1083 846 1214 908 quia,
1248 846 1345 894 etsi
1377 847 1566 908 pascha
1592 847 1771 893 contra
1800 861 2002 892 morem

396 946 591 991 eorum,
634 930 724 992 qui
758 930 933 992 ipsum
969 929 1240 991 miserant,
1283 930 1449 977 facere
1485 947 1592 977 non
1629 928 1814 991 potuit,
1853 945 2005 991 opera

396 1015 574 1061 tamen
608 1013 745 1074 fidei,
776 1013 997 1075 pietatis,
1030 1014 1082 1060 et
1107 1013 1412 1074 dilectionis,
1444 1012 1590 1061 iuxta
1614 1029 1814 1060 morem
1843 1011 2005 1060 omni-

397 1097 494 1144 bus
551 1097 745 1145 sanctis
793 1098 1115 1157 consuetum,
1171 1097 1450 1159 diligenter
1511 1097 1726 1159 exsequi
1785 1096 1999 1144 curauit.

399 1179 555 1228 Unde
603 1181 666 1228 ab
716 1180 973 1242 omnibus,
1029 1180 1190 1228 etiam
1237 1180 1334 1241 his,
1382 1180 1473 1242 qui
1515 1180 1579 1227 de
1621 1180 1811 1242 pascha
1858 1179 2007 1227 aliter

399 1264 710 1325 sentiebant,
754 1263 943 1312 merito
988 1263 1304 1326 diligebatur
1326 1282 1337 1325 3
1392 1280 1488 1311 nec
1527 1263 1701 1311 solum
1741 1280 1770 1311 a
1811 1263 2007 1312 medio-

398 1347 584 1408 cribus,
639 1364 827 1395 uerum
874 1347 938 1395 ab
998 1347 1125 1408 ipsis
1180 1363 1386 1409 quoque
1440 1346 1707 1409 episcopis,
1763 1347 2004 1395 Honorio

398 1430 813 1492 Cantuariorum,
847 1433 898 1479 et
925 1431 1096 1478 Felice
1122 1431 1473 1480 Orientalium
1498 1431 1812 1494 Anglorum,
1845 1447 2002 1479 uene-

397 1515 588 1563 rationi
613 1514 825 1562 habitus
851 1516 943 1563 est,

110 1605 281 1640 Colman
467 1598 730 1646 Defuncto
773 1600 948 1646 autem
988 1597 1201 1659 Finano,
1246 1597 1335 1660 qui
1377 1599 1496 1660 post
1532 1598 1687 1645 illum
1723 1597 1840 1659 fuit,
1884 1614 2004 1645 cum

109 1655 300 1741 ῗζξὶέἳῗᾶς
400 1681 685 1730 Colmanus
720 1680 777 1728 in
817 1681 1175 1744 episcopatum
1213 1683 1522 1741 succederet,
1565 1684 1617 1729 et
1657 1681 1769 1743 ipse
1810 1680 2006 1729 missus

398 1783 427 1813 a
454 1765 662 1826 Scottia,
694 1763 929 1828 grauior¹
958 1766 1020 1813 de
1055 1765 1415 1813 obseruatione
1448 1765 1681 1827 paschae,
1712 1781 1918 1812 necnon
1953 1766 2006 1812 et

401 1849 463 1897 de
522 1849 639 1897 aliis
688 1849 1059 1897 ecclesiasticae
1118 1850 1259 1898 uitae
1312 1849 1604 1911 disciplinis
1652 1848 2006 1896 controuersia

400 1935 523 1980 nata
559 1934 648 1980 est.
728 1933 885 1981 Unde
923 1932 1145 1981 merit0²
1182 1933 1351 1981 mouit
1388 1934 1513 1981 haec
1552 1932 1781 1995 quaestio
1820 1947 2007 1980 sensus

401 2019 452 2064 et
479 2016 630 2063 corda
662 2016 968 2077 multorum,
1000 2016 1320 2077 timentium,
1352 2033 1419 2064 ne
1444 2016 1577 2064 forte
1601 2016 1808 2078 accepto
1836 2015 2004 2064 Chris·
2037 2020 2086 2079 gf.
2109 2021 2201 2057 Gal.

400 2099 653 2147 tianitatis
689 2099 956 2159 uocabulo,
987 2101 1044 2147 in
1083 2117 1306 2148 uacuum
1342 2101 1610 2147 currerent
1645 2102 1736 2147 aut
1763 2099 2006 2146 cucurris-
2036 2083 2077 2107 u'
2100 2083 2129 2106 2'

401 2185 530 2231 sent.
609 2183 863 2230 Peruenit
907 2185 959 2231 et
1008 2183 1071 2231 ad
1113 2184 1251 2245 ipsas
1293 2183 1594 2244 principum
1633 2199 1796 2243 aures,
1843 2181 2006 2230 Osuiu

400 2267 642 2315 uidelicet
669 2268 819 2329 regis,
851 2269 903 2315 et
937 2267 1035 2314 filii
1060 2267 1169 2315 eius
1195 2267 1459 2315 Alchfridi
1475 2267 1489 2291 3
1585 2266 1716 2327 Quia
1752 2265 2010 2313 nimirum

403 2351 567 2399 Osuiu
604 2368 633 2399 a
671 2351 862 2399 Scottis
899 2351 1110 2398 edoctus
1148 2367 1204 2398 ac
1246 2350 1551 2413 baptizatus,
1593 2349 1809 2399 illorum
1852 2350 2010 2398 etiam

403 2435 584 2497 lingua
632 2434 827 2496 optime
875 2434 1105 2495 inbutus,
1153 2434 1229 2482 nil
1279 2434 1483 2495 melius,
1531 2450 1689 2496 quam
1739 2434 1877 2496 quod
1927 2434 2009 2481 illi

406 2518 715 2578 docuissent,
769 2517 1074 2565 autumabat
1101 2535 1111 2577 ;
1172 2534 1326 2579 porro
1386 2517 1632 2565 Alchfrid
1694 2517 2009 2580 magistrum

403 2602 603 2650 habens
629 2585 936 2649 eruditionis
962 2601 1285 2650 Christianae
1303 2600 1592 2649 Uilfridum
1618 2601 1797 2649 uirum
1824 2601 2009 2650 doctis-

404 2686 601 2733 simum
630 2684 771 2748 (nam
799 2687 849 2732 et
871 2684 1095 2732 Romam
1121 2684 1267 2747 prius
1292 2686 1502 2746 propter
1527 2684 1822 2732 doctrinam
1851 2684 2006 2732 eccle-

404 2769 663 2817 siasticam
722 2769 929 2829 adierat,
984 2770 1034 2816 et
1081 2768 1218 2830 apud
1267 2769 1537 2828 Dalfinum
1594 2769 2005 2829 atz‘he'cpiscopuin
2038 2778 2208 2823 Eddius‚

405 2852 695 2900 Galliarum
732 2851 1005 2915 Lugdoni4
1043 2850 1276 2898 multum
1317 2851 1569 2913 temporis
1607 2853 1793 2913 egerat,
1836 2868 1866 2899 a
1905 2868 2008 2913 quo
2038 2840 2069 2865 ρ’
2092 2830 2124 2864 6.

404 2936 561 2983 etiam
588 2941 815 2984 tonsurae
847 2935 1215 2983 ecclesiasticae
1247 2950 1476 2983 coronam
1507 2937 1820 2997 susceperat,
1851 2934 2009 2982 huius

406 3018 697 3066 doctrinam
724 3019 968 3067 omnibus
1002 3018 1299 3066 Scottorum
1324 3017 1695 3065 traditionibus
1724 3017 1838 3065 iure
1870 3033 2008 3079 prae-

405 3101 675 3150 ferendam
711 3103 937 3163 sciebat,
976 3102 1115 3150 unde
1150 3102 1197 3149 ei
1230 3101 1388 3149 etiam
1426 3101 1709 3149 donauerat
1746 3101 2007 3148 monaste·
2038 3112 2091 3147 ib.
2115 3123 2146 3148 c.
2169 3114 2201 3146 8.

406 3225 415 3247 ¹
449 3238 609 3275 grauor
630 3225 689 3266 M.
777 3227 791 3248 2
822 3227 985 3265 merito
997 3225 1242 3275 0·m.M.H1.
1314 3225 1328 3247 3
1357 3225 1552 3264 alchridi
1569 3225 1625 3266 N.
1710 3225 1725 3247 ⁴
1755 3225 1947 3276 lugduni
1961 3223 2009 3263 C.
