2240 3444
34 879 189 923 endas,

0 1189 167 1248 {finti

26 1794 77 1829 ib.
97 1794 117 1840 ς’
137 1796 190 1831 26.

288 157 384 198 Cn».
408 155 561 207 XVII]
802 151 992 204 Gentis
1031 152 1124 204 An
1132 154 1372 221 (storum.
1801 159 1870 209 33

286 290 402 338 bant
423 308 437 348 ‚·
475 293 541 339 αῐὶ
548 295 562 340 ἰ
571 296 853 353 perstantes
878 297 932 343 in
947 300 1117 357 patria
1143 300 1314 360 trepidi
1337 317 1615 362 pauperem
1639 304 1795 350 uitam
1819 306 1872 350 in

283 373 545 435 montibus
601 375 762 437 siluis,
817 377 903 425 uel
950 381 1156 440 rupibus
1202 381 1376 430 arduis
1422 387 1640 444 suspectu
1689 400 1873 446 semper

282 460 437 504 mente
461 457 693 519 agebant.

910 571 1060 620 CAP.
1093 573 1239 622 XVI.

355 704 402 739 Ut
419 704 610 741 Brettones
625 708 800 750 primam
820 708 864 743 cte
883 711 986 752 qente
1005 711 1221 754 Anqlorum
1240 713 1444 749 uictoriam
1463 716 1556 751 duee
1574 716 1792 765 Ambrosio,

782 773 956 809 Romano
976 776 1138 821 homine,
1158 779 1377 816 sumserint.

347 879 430 926 A'r
462 879 552 927 ubi
584 881 791 929 hostilis
828 884 1083 933 exercitus
1119 888 1479 939 exterminatis
1517 891 1865 955 dispersisque

278 960 483 1010 insulae
519 963 825 1027 indigenis¹,
868 968 1059 1015 domum
1097 985 1335 1020 reuersus
1374 975 1465 1034 est,
1505 978 1782 1037 coeperunt
1818 979 1868 1024 et

277 1042 359 1090 illi
382 1045 635 1106 paulatim
660 1047 796 1095 uires
820 1048 1126 1113 animosque
1149 1069 1424 1116 resumere,
1456 1060 1780 1120 emergentes
1804 1059 1867 1106 de

275 1125 520 1189 latibulis,
556 1129 746 1191 quibus
781 1131 944 1179 abditi
978 1132 1196 1196 fuerant,
1241 1139 1292 1184 et
1328 1139 1576 1187 unanimo
1613 1157 1866 1189 consensu
1897 1153 2155 1209 TheBritons

275 1209 529 1258 auxilium
561 1209 566 1274 Ι
600 1213 815 1261 caeleste
834 1220 1102 1278 preeuntes,
1132 1234 1194 1266 ne
1225 1236 1388 1282 usque
1421 1223 1487 1270 ad
1509 1225 1867 1273 internicionem
1897 1206 2144 1289 ζξῇξῗᾍιξ

274 1308 612 1355 usquequaque
660 1298 938 1347 delerentur.
1017 1299 1317 1350 Utebantur
1363 1321 1422 1352 eo
1470 1307 1704 1368 tempore
1753 1309 1867 1357 elatee
1896 1302 2082 1388 2¹33}

274 1372 534 1425 Ambrosio
558 1377 845 1441 Aureliano,
876 1384 984 1431 uiro
1017 1385 1236 1445 modesto,
1268 1389 1352 1446 qut
1375 1389 1507 1437 solus
1531 1390 1662 1449 forte
1693 1391 1867 1440 Roma·
1896 1412 1985 1437 nus.

275 1472 367 1505 nae
410 1462 567 1519 yentis
612 1462 870 1523 praefatae
918 1469 1186 1527 tempestati
1231 1471 1550 1533 superficemt,
1603 1475 1772 1522 oeez‘sis
1811 1477 1865 1523 in

275 1540 436 1588 eadem
468 1545 756 1602 parentibus
779 1547 980 1608 regium
1015 1565 1209 1597 nomen
1243 1553 1295 1599 et
1323 1552 1528 1616 insigne
1560 1555 1857 1605 ferentibus.

273 1620 391 1669 Hoc
430 1640 551 1686 ergo
593 1626 722 1674 duee
768 1631 897 1678 uires
938 1637 1195 1691 capessunt
1234 1634 1523 1697 BrettoneS,
1572 1639 1623 1685 et
1663 1633 1865 1689 uictores

265 1712 588 1764 prouocantes
637 1711 703 1757 act
738 1713 992 1773 proelium,
1045 1716 1302 1764 uictoriam
1349 1717 1450 1780 ipsi
1502 1721 1606 1768 Deo
1653 1720 1861 1770 fauente

274 1787 574 1850 suscipiunt.
649 1793 721 1840 Et
762 1808 818 1841 ex
857 1810 907 1842 eo
948 1799 1150 1857 tempore
1190 1814 1322 1848 nune
1362 1802 1502 1862 eiues,
1544 1818 1677 1851 nune
1713 1805 1866 1854 hostes

272 1872 541 1934 uineebant,
583 1890 734 1936 usque
766 1878 831 1925 ad
864 1893 1054 1927 annum
1089 1882 1369 1932 obsessionis
1398 1885 1639 1933 Badom'ei
1669 1889 1858 1948 montis,

274 1955 479 2015 quando
515 1972 616 2005 non
656 1960 890 2009 minimas
927 1961 1124 2010 eisdem
1159 1963 1397 2014 hostibus
1432 1971 1617 2029 straqes
1653 1969 1859 2031 dabant,

273 2037 442 2086 XLmO
467 2038 667 2087 circiter
699 2044 749 2090 et
777 2044 939 2091 IIIIO
977 2061 1113 2094 anno
1143 2047 1402 2097 aduentus
1433 2067 1613 2099 eorum
1646 2051 1702 2100 in
1727 2053 1862 2101 Brit·

270 2120 479 2170 taniam.
558 2122 659 2171 Sed
683 2124 810 2173 haec
833 2129 1184 2188 postmodum.

884 2296 1035 2344 CAP.
1069 2298 1245 2348 XVII.

275 2401 323 2437 Ut
343 2401 562 2439 Germanus
580 2405 773 2450 episeopus
795 2417 884 2443 eum
903 2409 1009 2453 Lupo
1028 2411 1273 2448 Brittaniam
1293 2414 1502 2462 nauiqans,
1524 2418 1558 2452 et
1568 2418 1700 2462 primo
1721 2420 1857 2468 marc‘s,

351 2469 385 2503 et
397 2469 640 2511 postmodum
658 2471 957 2517 Pelaqz'anorum
978 2476 1229 2520 tempestatem
1249 2479 1391 2515 diuina
1411 2482 1552 2518 uirtute
1570 2484 1776 2522 sedauerit.

337 2575 488 2624 ANTE
529 2594 720 2640 paucos
763 2597 886 2629 sane
927 2583 1184 2633 aduentus
1220 2603 1400 2636 eorum
1447 2606 1614 2639 annos
1663 2592 1859 2641 heresis
1889 2602 2152 2637 TheBritons

269 2656 547 2722 Pelagiana
593 2679 685 2724 per
729 2664 1030 2727 Agricolam
1076 2667 1253 2730 inlata,
1308 2671 1577 2721 Seueriani
1637 2676 1859 2738 episcopi
1888 2652 2077 2737 fiffiliieelp

269 2739 536 2803 Pelagiani
569 2744 755 2806 filium,
787 2746 946 2795 fidem
983 2749 1365 2801 Brittaniarum
1401 2754 1517 2804 feda
1551 2759 1695 2818 peste
1720 2775 1856 2806 com-
1888 2751 2081 2844 ξξέὲῗέἒ

268 2823 631 2876 maculauerat.
708 2828 908 2878 Uerum
940 2832 1222 2895 Brittanni,
1254 2851 1374 2883 cum
1407 2854 1576 2900 neque
1601 2840 1857 2902 suscipere
1886 2851 2051 2907 against
2074 2851 2147 2887 the

268 2904 455 2966 dogma
522 2925 824 2969 peruersum
894 2914 1116 2975 gratiam
1186 2917 1379 2966 Christi
1448 2920 1856 2982 blasphemando
1886 2899 2114 2945 Pelagmns.

267 2987 532 3037 ullatenus
570 2991 780 3054 uellent,
834 3011 1003 3058 neque
1051 2999 1335 3047 uersutiam
1383 3002 1608 3051 nefariae
1653 3021 1857 3066 persua-

267 3070 430 3118 sionis
470 3071 692 3122 refutare
731 3076 906 3126 uerbis
934 3081 1190 3129 'certando
1228 3083 1534 3146 sufficerent,
1575 3086 1855 3136 inueniunt

873 3214 885 3237 ¹
916 3217 1151 3268 indegenis
1171 3219 1244 3259 M1.

1047 3303 1082 3336 D
