2240 3444
63 1659 201 1694 Death
221 1662 266 1694 of

63 1709 247 1754 wilfrid,

62 1772 96 1797 Α.
110 1771 146 1795 D.
169 1773 245 1805 709.

62 2329 185 2370 Story
199 2326 244 2361 of
254 2326 321 2362 his

62 2378 144 2413 life.

367 92 476 143 322
822 86 888 138 Η
891 85 1090 139 istoria
1128 85 1424 139 Ecclesia-st
1432 85 1518 138 ica
1789 92 1897 144 [Lm.
1918 94 1969 134 V.

366 233 726 295 Constantino,
742 250 799 281 ao
815 233 1107 281 monachus
1116 232 1297 293 faotUS,
1313 232 1376 280 ad
1394 230 1580 278 limina
1595 228 1965 291 apostolorum,

363 317 419 364 in
467 317 719 379 precibus,
773 315 995 378 ieiuniis,
1050 317 1102 364 et
1149 314 1459 378 elimosynis
1506 329 1673 375 usque
1716 312 1781 360 ad
1830 311 1971 359 diem

363 400 652 462 permansit
690 400 978 459 ultimum;
1015 399 1325 447 succedente
1362 397 1420 445 in
1458 412 1682 459 regnum
1719 394 1971 443 Ceolredo

363 483 473 531 filio
521 481 837 544 Aedilredi1‚
893 483 984 546 qui
1030 485 1153 531 ante
1206 482 1380 544 ipsum
1431 478 1780 529 Coinredum2
1829 478 1971 527 idem

362 583 587 629 regnum
635 567 863 615 tenebat.
959 566 1125 615 Uenit
1172 568 1351 614 autem
1399 581 1520 612 oum
1572 562 1666 611 illo
1723 564 1775 610 et
1829 561 1971 609 filius

363 650 604 712 Sigheriss
662 650 798 713 regis
861 649 1212 698 Orientalium
1274 649 1558 709 Saxonum,
1613 646 1760 694 ouius
1817 661 1972 707 supra

361 733 720 793 meminimus,
788 733 1040 782 uocabulo
1110 732 1237 794 Offa,
1304 731 1512 780 iuuenis
1583 729 1972 778 amantissimae

359 817 544 865 aetatis
582 818 633 864 et
667 817 977 877 uenustatis,
1020 818 1261 878 totaeque
1298 832 1420 863 suae
1456 814 1604 876 genti
1639 814 1702 862 ad
1743 813 1972 861 tenenda

359 901 718 962 seruandaque
762 900 909 962 regni
952 901 1152 962 sceptra
1200 898 1637 961 exoptatissimus.
1713 896 1814 958 Qui
1855 895 1971 958 pari

360 982 549 1031 duetus
609 983 889 1031 deuotione
949 982 1161 1043 mentis,
1226 981 1442 1044 reliquit
1504 997 1736 1040 uxorem,
1801 995 1964 1042 agros,

359 1067 619 1127 cognatos,
676 1068 728 1113 et
776 1066 1001 1128 patriam
1048 1067 1261 1128 propter
1309 1064 1592 1124 Christum,
1648 1066 1700 1123 et
1760 1064 1972 1125 propter

359 1149 709 1211 euangelium,
755 1151 814 1197 ut
852 1149 910 1197 in
949 1149 1047 1197 hae
1086 1148 1195 1197 uita
1243 1148 1552 1211 centuplum
1602 1147 1869 1209 acciperet,
1919 1147 1970 1193 et

357 1227 415 1275 in
455 1229 658 1276 saeculo
701 1232 928 1277 uenturo
979 1229 1149 1277 uitam
1198 1231 1481 1277 aeternam.
1561 1228 1629 1275 Et
1671 1227 1780 1289 ipse
1829 1242 1964 1288 ergo,

359 1310 449 1359 ubi
487 1312 550 1359 ad
585 1312 696 1360 looa
733 1314 911 1360 saneta
944 1313 1170 1360 Romam
1203 1313 1573 1375 peruenerunt,
1618 1311 1882 1369 adtonsUS,
1919 1310 1969 1356 et

357 1394 415 1442 in
464 1395 771 1444 monachico
822 1396 988 1444 uitam
1037 1395 1223 1444 habitu
1277 1395 1541 1457 conplens,
1595 1394 1659 1443 ad
1708 1393 1970 1441 uisionem

356 1477 628 1526 beatorum
664 1480 1021 1542 apostolorum
1058 1479 1115 1527 in
1154 1478 1309 1527 caelis
1346 1478 1436 1527 diu
1478 1477 1824 1526 desideratam
1861 1492 1971 1540 per-

356 1562 519 1610 uenit.

425 1646 625 1694 Eodem
675 1663 799 1695 sane
846 1663 1000 1704 anno,
1057 1663 1159 1710 quo
1208 1646 1265 1694 hi
1315 1644 1632 1694 Brittaniam
1688 1643 1960 1707 reliquere,

354 1730 579 1778 antistes
615 1730 839 1779 eximius
877 1729 1073 1779 Uilfrid
1108 1732 1227 1793 post
1264 1730 1367 1778 XL
1404 1731 1455 1778 et
1492 1729 1542 1777 V
1579 1744 1734 1777 annos
1770 1726 1967 1789 accepti

353 1815 654 1874 episcopatus
689 1813 831 1862 diem
869 1814 1054 1862 elausit
1092 1816 1388 1862 extremum
1424 1813 1482 1860 in
1520 1811 1801 1875 prouincia,
1835 1827 1967 1875 quae

354 1898 567 1944 uocatur
614 1899 966 1957 Iomndcdmwm
1020 1914 1294 1960 corpusque
1342 1897 1455 1945 eius
1502 1896 1670 1945 looulo
1713 1896 1961 1956 inditum,

351 1980 613 2041 perlatum
645 1983 722 2029 est
755 1981 811 2028 in
845 1981 1226 2029 monasterium
1259 1980 1439 2043 ipsius,
1473 1981 1611 2043 quod
1645 1979 1837 2029 dieitur
1874 1980 1965 2028 In-

352 2063 578 2124 lerypum,
622 2066 673 2111 et
712 2063 859 2112 iuxta
900 2064 1157 2112 honorem
1204 2066 1353 2112 tanto
1394 2063 1634 2126 pontifici
1673 2080 1964 2126 congruum

353 2145 410 2192 in
451 2146 665 2194 ecelesia
706 2146 846 2194 beati
886 2149 1092 2208 apostoli
1129 2149 1262 2196 Petra·
1305 2148 1587 2209 sepultum.
1667 2147 1745 2195 De
1783 2147 1965 2196 ouius⁴

353 2230 493 2277 statu
520 2229 673 2290 uitae,
705 2232 764 2278 ut
798 2229 861 2277 ad
897 2230 1068 2292 priora
1101 2231 1421 2293 repedantes,
1454 2230 1644 2293 paucis
1675 2247 1805 2292 quae
1838 2233 1963 2279 sunt

352 2314 510 2375 gesta,
550 2329 918 2374 memoremus,
956 2329 1065 2362 cam
1099 2319 1218 2362 esset
1243 2329 1376 2375 puer
1405 2315 1554 2362 bonae
1582 2315 1774 2373 indolis,
1806 2316 1965 2376 atque

352 2397 578 2443 aetatem
615 2396 852 2444 moribus
890 2397 1163 2459 transiens,
1195 2398 1267 2446 ita
1300 2415 1354 2445 se
1389 2399 1625 2445 modeste
1663 2400 1714 2445 et
1752 2398 1964 2446 circum-

356 2481 530 2540 specte
578 2479 635 2526 in
685 2479 932 2528 omnibus
981 2483 1193 2542 gereret,
1250 2483 1310 2529 ut
1359 2480 1547 2528 merito
1595 2498 1625 2529 a
1677 2480 1965 2529 maioribus

353 2561 501 2623 quasi
538 2578 676 2610 unus
714 2579 776 2610 ex
813 2562 939 2624 ipsis
974 2566 1255 2625 amaretur,
1298 2565 1647 2624 ueneraretur,
1692 2564 1965 2627 amplecte-

354 2647 513 2705 retur,
536 2645 628 2693 ubi
648 2647 843 2694 XIIII
847 2655 910 2678 um
931 2647 1116 2695 aetatis
1143 2647 1363 2710 contigit
1384 2663 1593 2707 annum,
1616 2647 1962 2696 monasticam

353 2728 626 2776 saeculari5
646 2728 813 2777 uitam
833 2729 1095 2792 praetulit.
1157 2730 1304 2790 Quod
1324 2730 1414 2778 ubi
1438 2729 1574 2792 patri
1591 2747 1685 2778 suo
1706 2731 1955 2791 narrauit,

353 2811 459 2859 iam
499 2812 643 2859 enim
686 2814 852 2860 mater
890 2813 1101 2873 obierat,
1144 2813 1371 2861 libenter
1408 2814 1519 2862 eius
1560 2814 1700 2862 uotis
1736 2831 1793 2862 ao
1835 2814 1962 2862 desi-

355 2894 546 2942 deriis‘3
590 2895 898 2944 caelestibus
945 2896 1146 2958 adnuit,
1203 2913 1431 2959 eumque
1476 2898 1672 2959 coeptis
1719 2896 1962 2946 insistere

410 3048 421 3069 ¹
454 3050 561 3087 edil·
585 3050 652 3098 N3
682 3050 814 3088 aebil-
839 3050 884 3088 C.
1070 3047 1084 3069 2
1114 3051 1266 3088 oonin-
1288 3051 1326 3090 N
1348 3063 1357 3098 ;
1389 3063 1513 3089 eoen—
1539 3051 1588 3090 C.
1784 3050 1798 3072 3
1827 3063 1891 3089 -re
1911 3050 1957 3089 O.

354 3115 366 3135 ‘¹
398 3116 525 3153 cuius
541 3119 667 3154 added
687 3129 735 3154 οη
756 3119 916 3163 mar-qm
937 3115 996 3155 M.
1123 3116 1138 3139 ⁵
1167 3116 1387 3166 singulari
1409 3114 1456 3156 (3¹
1483 3130 1492 3166 ;
1522 3117 1571 3155 id
1591 3119 1659 3156 est
1679 3117 1869 3156 seculari
1893 3115 1956 3156 (32.

354 3181 368 3203 ⁶
399 3181 542 3219 —ribus
564 3181 620 3220 M.

2232 749 2240 784 f

2001 905 2207 942 Luo.xviii
2234 922 2240 947 ρ

2002 968 2056 1001 29,
2079 968 2125 1000 30
2138 969 2146 1001 3

2003 1006 2153 1043 Matth.

2000 1056 2081 1092 xix.
2103 1069 2158 1102 29,

2002 1118 2070 1152 3o;
2099 1107 2176 1143 Mo.

2001 1168 2038 1193 Χ.
2059 1170 2113 1204 29,
2134 1169 2189 1201 30.

2000 1733 2173 1779 Eddius,

1999 1796 2055 1821 00.
2084 1785 2203 1830 64-65

1995 2324 2047 2361 ib.
2069 2335 2101 2361 0.
2124 2338 2153 2360 2.

2235 973 2240 996 1

2234 1012 2240 1047 l

2235 1073 2240 1098 1
