2175 3439
825 102 1092 171 Capitale!
1103 146 1113 156 .
1606 108 1798 160 clxxiii

679 249 946 285 CAPITULA
983 251 1133 286 LIBRI
1173 253 1253 288 11¹.

127 307 206 330 CAP.
1717 315 1795 338 ΓΔΗ.

126 356 156 390 I.
189 357 248 391 De
267 355 383 391 obitu
399 354 509 391 beati
527 366 657 399 papae
676 355 866 399 Gregorii
899 382 907 390 .
1013 383 1022 391 .
1127 384 1135 392 .
1242 384 1250 392 .
1359 385 1367 394 .
1473 388 1482 396 .
1585 389 1592 397 .
1697 389 1704 397 .
1761 375 1778 407 7
1781 376 1797 405 3

126 419 180 454 II.
213 420 269 455 Ut
299 418 559 462 Augustinus
587 420 839 454 Brettonum
871 419 1077 463 episcopos
1107 432 1180 463 pro
1202 432 1299 464 pace
1331 421 1547 465 catholica,
1573 424 1699 459 etiam

274 468 474 503 miraculo
509 468 674 503 caelesti
709 479 849 503 coram
884 468 942 503 eis
977 470 1098 513 facto,
1138 470 1371 514 monuerit;
1417 483 1573 514 quaeue
1609 474 1699 508 illos

272 520 512 562 spernentes
529 517 635 552 ultio
653 521 796 552 secuta
814 517 868 552 sit
897 545 904 553 .
1010 545 1018 553 .
1123 546 1130 554 .
1236 546 1244 554 .
1353 546 1360 553 .
1466 547 1474 555 .
1581 548 1588 556 .
1693 550 1702 558 .
1756 526 1793 558 81

125 580 202 615 III.
234 581 290 616 Ut
308 581 419 616 idem
435 581 644 616 Mellitum
662 592 710 617 ac
729 581 895 616 Iustum
908 581 1114 625 episcopos
1129 582 1274 617 feccrit
1289 595 1296 626 ;
1323 585 1364 618 et
1378 584 1427 617 de
1444 584 1558 619 obitu
1575 584 1704 628 ipsius
1756 591 1797 630 85

124 644 192 679 IV.
223 645 279 679 Ut
309 643 558 679 Laurentius
590 656 686 679 cum
718 644 965 688 coepiscopis
996 645 1082 679 suis
1113 645 1274 680 Scottos
1298 646 1505 681 unitatem
1532 652 1698 683 sanctae

275 694 469 729 ecclesiae
500 694 680 729 maxime
711 694 756 728 in
787 694 943 737 pascha
973 695 1231 730 obseruando
1263 696 1378 739 sequi
1409 697 1629 741 monuerit,
1658 701 1698 732 et

272 746 321 778 ut
340 744 525 779 Mellitus
544 744 720 778 Romam
738 744 903 779 uenerit
1005 770 1014 778 .
1120 771 1129 778 .
1234 771 1243 779 .
1349 772 1358 780 .
1463 772 1472 780 .
1576 773 1585 781 .
1690 774 1698 782 .
1753 751 1797 782 80

124 806 170 840 V.
202 806 257 841 Ut
284 807 493 841 defunctis
516 807 779 842 Aedilbercto
805 809 845 842 et
873 807 1068 841 Sabercto
1092 807 1255 850 regibus
1280 818 1532 843 successores
1559 820 1700 844 eorum

270 855 510 891 idolatriam
533 856 836 901 resuscitarint,
856 857 907 891 ob
931 857 1039 900 quod
1058 858 1099 892 et
1119 857 1306 892 Mellitus
1324 869 1373 892 ac
1391 858 1530 892 Iustus
1548 870 1573 893 a
1592 859 1698 894 Brit-

269 906 388 940 tania
407 905 672 941 discesserint
774 933 782 942 .
889 933 896 940 .
1003 933 1011 941 .
1117 933 1125 941 .
1234 934 1241 941 .
1348 934 1356 942 .
1462 936 1469 944 .
1574 935 1582 943 .
1689 936 1697 943 .
1752 912 1797 955 89

123 968 191 1003 VI.
223 969 278 1004 Ut
303 971 514 1013 correptus
541 970 592 1004 ab
615 969 798 1013 apostolo
820 969 944 1005 Petro
971 969 1223 1005 Laurentius
1250 970 1536 1006 Aeodbaldum
1560 983 1698 1016 regem

269 1019 323 1053 acl
355 1019 570 1054 Christum
599 1019 867 1063 conuerterit,
899 1019 970 1063 qui
1000 1030 1095 1054 mox
1128 1020 1339 1055 Mellitum
1368 1022 1409 1055 et
1445 1021 1609 1055 Iustum
1643 1023 1697 1056 ad

268 1068 597 1112 praedicandum
614 1069 874 1104 reuocauerit
894 1095 903 1104 .
1008 1097 1015 1105 .
1122 1096 1130 1104 .
1235 1097 1243 1106 .
1348 1096 1357 1105 .
1463 1097 1471 1105 .
1576 1098 1584 1105 .
1689 1098 1697 1106 .
1753 1084 1794 1118 92

124 1131 214 1166 VII.
244 1131 301 1167 Ut
321 1132 505 1167 Mellitus
537 1132 749 1176 episcopus
777 1132 968 1168 flammas
992 1132 1180 1168 ardentis
1208 1143 1305 1169 suae
1333 1133 1518 1168 ciuitatis
1541 1135 1698 1169 orando

270 1181 513 1217 restinxerit
544 1209 552 1216 .
657 1209 666 1217 .
770 1207 782 1218 .
888 1209 896 1217 .
1003 1209 1011 1217 .
1118 1209 1126 1217 .
1233 1210 1241 1217 .
1348 1210 1356 1217 .
1462 1210 1470 1218 .
1576 1211 1584 1218 .
1689 1212 1698 1218 .
1752 1197 1796 1230 93

122 1244 238 1279 VIII.
268 1245 582 1330 ffisgglgffafflus
599 1256 707 1290 papa
726 1246 843 1282 Iusto
863 1245 1089 1281 successori
1108 1245 1195 1281 eius
1216 1246 1391 1291 pallium
1409 1249 1451 1282 et
1473 1247 1697 1291 epistulam
1752 1310 1794 1344 9-

120 1357 190 1392 IX.
222 1359 282 1393 De
313 1358 487 1403 imperio
513 1358 621 1403 regis
648 1359 839 1403 Aeduini,
861 1362 902 1394 et
928 1362 976 1395 ut
999 1359 1174 1395 ueniens
1192 1361 1245 1394 ad.
1265 1360 1639 1404 euangelizandum
1658 1362 1695 1397 ei

266 1408 470 1444 Paulinus
492 1408 627 1453 primo
651 1409 783 1444 filiam
806 1409 894 1444 eius
921 1421 1018 1445 cum
1042 1410 1135 1444 aliis
1161 1410 1258 1445 fidei
1277 1410 1539 1446 Christianae
1563 1422 1697 1447 sacra-

268 1458 422 1493 mentis
439 1458 626 1494 inbuerit
657 1485 665 1493 .
771 1486 779 1494 .
885 1486 894 1494 .
1001 1487 1009 1494 .
1116 1486 1124 1494 .
1230 1486 1238 1494 .
1346 1487 1354 1494 .
1459 1487 1468 1495 .
1573 1487 1583 1496 .
1688 1489 1696 1496 .
1751 1474 1795 1507 97

119 1522 166 1555 X.
197 1521 253 1556 Ut
274 1532 380 1565 papa
395 1521 632 1557 Bonifatius
650 1523 830 1558 eundem
854 1533 993 1567 regem
1011 1522 1148 1557 missis
1166 1521 1319 1558 litteris
1338 1522 1392 1558 sit
1412 1523 1606 1558 hortatus
1625 1525 1679 1558 ad

267 1571 394 1606 fidem
517 1598 526 1606 .
632 1599 640 1607 .
746 1598 754 1606 .
860 1598 869 1606 .
975 1599 984 1607 .
1089 1599 1098 1607 .
1203 1599 1212 1607 .
1319 1599 1327 1607 .
1432 1603 1442 1609 .
1547 1600 1556 1608 .
1662 1601 1670 1609 .
1730 1587 1794 1609 100

118 1632 189 1668 XI.
219 1633 276 1668 Ut
295 1633 513 1678 coniugem
531 1633 673 1679 ipsius,
696 1645 770 1677 per
794 1634 1029 1678 epistulam=
1051 1634 1199 1669 salutis
1217 1633 1332 1669 illius
1350 1635 1538 1670 sedulam
1556 1646 1677 1679 agere

269 1695 414 1718 curam
431 1683 643 1718 monuerit
745 1711 754 1718 .
860 1711 868 1718 .
973 1711 981 1718 .
1091 1711 1099 1718 .
1204 1711 1213 1719 .
1319 1711 1327 1719 .
1433 1711 1441 1720 .
1547 1712 1555 1720 .
1662 1712 1669 1720 .
1728 1697 1793 1728 104

117 1746 212 1781 XII.
242 1747 300 1782 Ut
318 1747 497 1782 Aeduini
519 1759 593 1791 per
612 1747 817 1783 uisionem
836 1749 1047 1792 quondam
1064 1748 1144 1783 sibi
1163 1748 1277 1784 exuli
1302 1751 1515 1784 ostensam
1542 1749 1596 1784 sit
1622 1750 1675 1784 ad.

265 1798 521 1832 credendum
538 1799 787 1842 prouocatus
864 1825 872 1832 .
979 1825 987 1832 .
1092 1825 1100 1832 .
1206 1825 1214 1833 .
1320 1825 1329 1833 .
1435 1825 1444 1833 .
1550 1826 1558 1833 .
1663 1826 1672 1834 .
1730 1802 1794 1835 106

116 1860 234 1895 XIII.
265 1860 393 1901 Quale
412 1861 632 1896 consilium
646 1860 759 1896 idem
773 1872 869 1896 cum
881 1861 1130 1904 primatibus
1147 1861 1232 1896 suis
1247 1862 1296 1896 de
1310 1861 1576 1905 percipienda
1595 1862 1676 1898 fide

265 1910 419 1945 Christi
436 1910 652 1955 habuerit;
680 1913 721 1946 et
738 1913 786 1946 ut
804 1911 994 1954 pontifex
1013 1911 1100 1946 eius
1119 1922 1215 1946 suas
1233 1922 1326 1946 aras
1343 1912 1628 1954 profanauerit
1669 1940 1676 1947 .
1734 1926 1788 1948 111

116 1974 225 2009 XIV.
256 1974 313 2009 Ut
343 1974 456 2009 idem
490 1974 673 2009 Aeduini
704 1986 801 2010 cum
831 1985 906 2010 sua
940 1978 1063 2019 gente
1094 1975 1230 2011 fidelis
1260 1975 1316 2010 sit
1346 1975 1483 2010 factus
1498 1989 1506 2020 3
1535 1978 1576 2011 et
1604 1976 1676 2011 ubi

263 2024 465 2059 Paulinus
483 2024 761 2068 baptizauerit
863 2052 871 2059 .
977 2052 985 2060 .
1092 2052 1101 2061 .
1205 2052 1214 2060 .
1319 2052 1328 2059 .
1434 2052 1443 2060 .
1547 2053 1558 2061 .
1663 2053 1672 2061 .
1732 2039 1743 2061 1
1754 2039 1789 2071 13

115 2087 201 2122 XV.
233 2087 290 2122 Ut
307 2087 526 2132 prouincia
544 2088 827 2124 Orientalium
844 2088 1078 2133 Anglorurn
1097 2088 1222 2124 fidem
1241 2088 1398 2124 Christi
1416 2089 1642 2134 susceperit
1667 2117 1675 2124 .
1734 2102 1791 2134 115

114 2151 223 2186 XVI.
252 2151 308 2186 Ut
327 2151 529 2186 Paulinus
555 2151 601 2187 in
629 2151 846 2195 prouincia
864 2152 1048 2187 Lindissi
1072 2152 1388 2198 praedicanerit,
1409 2155 1451 2187 et
1469 2154 1519 2188 de
1544 2153 1676 2198 quali-

261 2203 348 2236 tate
366 2201 488 2246 regni
506 2202 688 2237 Aeduini
764 2228 772 2236 .
879 2230 887 2238 .
992 2231 1000 2238 .
1105 2231 1112 2238 .
1217 2230 1224 2238 .
1329 2230 1337 2238 .
1443 2231 1450 2239 .
1555 2231 1562 2239 .
1665 2232 1671 2236 .
1732 2215 1791 2248 117

113 2264 247 2299 XVII.
277 2265 334 2300 Ut
352 2265 463 2299 idem
481 2266 533 2300 ab
547 2265 732 2300 Honorio
749 2277 857 2310 papa
875 2265 1177 2301 exhortatorias
1190 2265 1353 2301 litteras
1371 2266 1587 2311 acceperit,
1603 2266 1675 2311 qui

262 2314 389 2350 etiarn
408 2315 584 2350 Paulino
601 2315 779 2359 pallium
796 2315 957 2350 miserit
976 2343 984 2350 .
1091 2343 1100 2350 .
1207 2342 1216 2351 .
1322 2343 1331 2350 .
1437 2343 1445 2351 .
1551 2343 1560 2351 .
1661 2343 1670 2352 .
1730 2319 1788 2351 118

113 2379 268 2414 XVIII.
300 2380 356 2414 Ut
375 2380 597 2426 Honorius,
615 2380 686 2424 qui
705 2380 822 2415 Iusto
840 2381 885 2415 in
904 2380 1187 2424 episcopatum
1206 2380 1532 2416 Dorouernensis
1550 2381 1674 2416 eccle-

259 2429 344 2465 siae
377 2430 584 2476 successit,
612 2431 664 2466 ab
698 2431 843 2466 eodem
877 2441 985 2475 papa
1015 2430 1198 2465 Honorio
1225 2430 1400 2475 pallium
1435 2433 1476 2465 et
1511 2430 1673 2466 litteras

261 2479 467 2524 acceperit
536 2508 543 2516 .
648 2507 657 2515 .
879 2510 884 2515 .
987 2508 994 2516 .
1100 2508 1107 2516 .
1212 2507 1220 2516 .
1325 2508 1332 2516 .
1437 2507 1445 2516 .
1548 2508 1556 2516 .
1661 2507 1669 2514 .
1727 2491 1789 2514 120

113 2543 224 2578 XIX.
255 2543 313 2577 Ut
355 2542 488 2587 primo
521 2543 633 2578 idem
668 2543 879 2578 Honorius
910 2545 952 2578 et
986 2546 1077 2587 post
1113 2543 1324 2578 Iohannes
1358 2543 1521 2578 litteras
1555 2542 1671 2587 genti

259 2593 497 2628 Scottorum
515 2604 590 2638 pro
607 2593 765 2637 pascha
784 2593 911 2628 simul
929 2595 970 2628 et
988 2605 1064 2637 pro
1083 2593 1307 2637 Pelagiana
1331 2593 1466 2628 heresi
1484 2592 1646 2628 miserit
1663 2620 1670 2627 .
1729 2603 1786 2626 122

111 2656 199 2691 XX.
230 2657 287 2691 Ut
302 2656 434 2692 occiso
445 2656 635 2691 Aeduine
650 2656 850 2692 Paulinus
866 2656 1060 2693 Cantiam
1072 2657 1237 2692 rediens
1251 2656 1465 2691 Hrofensis
1476 2655 1670 2691 ecclesiae

257 2707 542 2750 praesulatum
560 2706 785 2751 susceperit
799 2706 813 2727 ²
859 2733 867 2742 .
972 2733 981 2742 .
1086 2733 1094 2741 .
1201 2733 1209 2741 .
1316 2733 1324 2741 .
1430 2733 1438 2740 .
1543 2733 1551 2740 .
1657 2731 1665 2739 .
1724 2716 1785 2747 124

155 2796 165 2817 1
189 2796 296 2827 After
311 2797 374 2828 the
390 2799 471 2828 text
487 2797 526 2828 of
542 2797 643 2828 Book
661 2797 698 2829 1:
724 2797 874 2837 explicit
896 2797 991 2827 liber
1005 2797 1145 2836 primus
1165 2795 1296 2836 incipit
1318 2795 1507 2828 secundus,
1554 2794 1651 2825 Haec
1674 2795 1787 2825 conti-

110 2842 244 2869 nentur
260 2839 298 2870 in
314 2839 407 2870 libro
429 2839 585 2870 secundo
602 2839 774 2870 historiae
797 2839 1055 2870 ecclesiasticae
1071 2839 1188 2878 gentis
1211 2839 1409 2877 anglorum,
1430 2837 1476 2869 M.
1525 2837 1581 2875 So,
1609 2837 1784 2876 inserting

111 2881 204 2912 liber
217 2881 340 2912 before
356 2881 543 2922 secundus,
561 2882 603 2915 B.
634 2882 747 2914 Finit.
760 2882 945 2922 incipiunt
960 2881 1122 2921 capitula
1138 2880 1223 2911 libri
1240 2879 1400 2912 secundi.
1438 2879 1535 2910 Haec
1550 2879 1785 2910 continentur

110 2922 148 2953 in
172 2923 196 2955 l.
221 2933 248 2955 s.
271 2924 352 2956 eccl.
377 2924 462 2956 hist.
487 2933 518 2963 g.
543 2934 575 2956 a.
600 2923 639 2956 C.
686 2924 850 2964 Explicit
880 2924 974 2954 liber
1000 2923 1140 2963 primus
1168 2922 1299 2962 incipit
1325 2922 1360 2952 II
1387 2921 1566 2953 historiae.
1613 2921 1785 2961 Capitula

109 2965 256 2996 secundi
271 2966 358 2997 libri
376 2966 546 2997 historiae
560 2967 677 3005 gentis
693 2967 788 3006 angl.
808 2967 854 2998 N.

151 3006 167 3031 2
189 3008 295 3039 After
311 3009 372 3039 the
394 3009 556 3048 capitula
581 3010 620 3039 of
643 3009 746 3040 Book
764 3008 823 3040 II:
845 3008 1049 3048 expliciunt
1071 3006 1232 3047 capitula
1255 3006 1340 3036 libri
1363 3005 1521 3038 secundi.
1538 3005 1668 3044 incipit
1692 3005 1782 3036 liber

109 3050 285 3081 secundus
308 3050 479 3082 historiae
503 3051 762 3082 ecclesiasticae
786 3051 904 3090 gentis
925 3051 1127 3089 anglorum.
1152 3050 1224 3088 lege
1249 3048 1417 3086 feliciter,
1438 3047 1487 3080 M.
1532 3050 1587 3087 So,
1608 3048 1783 3095 inserting

110 3092 183 3131 ipse
208 3092 329 3123 before
354 3093 458 3132 liber,
485 3093 525 3126 B.
571 3093 680 3133 Expl.
696 3102 771 3133 cap.
796 3093 927 3133 incipit
952 3093 1016 3124 lib.
1039 3102 1106 3125 see.
1129 3093 1209 3123 eccl.
1235 3091 1318 3122 hist.
1341 3100 1372 3130 g.
1396 3100 1427 3122 a.
1450 3090 1488 3123 C.
1534 3092 1590 3124 So.
1614 3092 1782 3129 omitting

109 3134 189 3167 eccl.
209 3135 252 3167 N.
