2175 3439
630 85 701 136 De
743 83 905 135 Obitu
959 84 1177 134 Baedae.
1624 80 1726 131 clxi

71 226 323 289 itemque¹
362 230 536 275 autem
573 227 826 289 euigilans
863 227 1039 274 statim
1078 229 1321 272 consueta
1364 225 1728 284 seru-»turanum

69 310 421 357 modulamina
440 309 748 368 ruminabat,
775 309 1127 368 extensisqu&
1150 307 1390 353 manibus
1411 306 1516 351 Deo
1542 305 1733 365 gratias·

66 407 213 452 agere
251 408 356 438 non
393 395 470 438 est
508 391 699 438 oblitus
716 391 743 438 ²³.
822 390 957 437 Uere
989 390 1153 436 fateor
1185 389 1305 449 quia
1341 387 1602 433 nominem
1645 404 1729 432 un-

67 490 222 534 quam
265 473 425 520 alium
468 473 630 520 oculis
676 472 808 519 meis
850 471 958 518 uidi
1001 488 1093 518 nec
1136 470 1346 517 auribus
1387 468 1576 527 audiui,
1624 470 1728 513 tam

66 555 344 617 diligenter
375 555 568 618 gracias
596 556 706 602 Deo
740 554 861 601 uiuo
894 554 1084 600 referre
1101 553 1128 600 ⁴.
1207 553 1249 600 O
1275 568 1394 598 uere
1419 551 1598 597 beatus
1623 550 1730 596 uir!

66 637 279 684 canebat
326 637 532 685 autem⁵
587 635 907 684 sentenciam
957 634 1117 682 sancti
1136 636 1150 659 ⁶
1200 633 1351 681 Pauli
1398 631 1617 693 apostoli
1666 632 1733 677 di-

66 719 229 766 centis
266 720 610 766 ‘horre-ndum
643 721 722 766 est
758 718 985 765 incidere
1023 717 1078 763 111
1116 731 1305 763 manus
1341 714 1436 761 Dei
1473 712 1733 761 uiuentis·ss
1764 729 1939 763 }{‹·1‚1·.x.
1971 741 2010 765 ιι.

65 804 116 848 et
148 801 316 849 multa
347 801 447 848 alia
472 801 534 848 de
558 803 734 848 sancta
758 800 1024 861 scriptura,
1055 799 1109 845 in
1138 798 1327 860 quibus
1359 813 1454 844 nos
1488 813 1516 843 a
1549 812 1733 842 somno

63 882 263 929 animae
288 899 558 943 exsurgere
584 881 944 944 precogitando
970 880 1214 927 ultimam
1232 879 1414 926 horam
1434 876 1734 925 amonebat:

64 967 115 1011 et
147 964 202 1012 in
232 968 408 1012 nostra
433 982 638 1027 quoque
662 964 855 1026 lingua,
886 966 946 1011 ut
972 965 1079 1010 erat
1106 963 1286 1010 doctus
1320 961 1376 1008 in
1409 959 1602 1008 nostris
1634 976 1733 1006 car-

64 1047 305 1107 minibus,
339 1047 514 1095 dicens
539 1048 602 1094 de
626 1046 848 1094 terribili
876 1046 1013 1093 exitu
1042 1045 1335 1092 animarum
1362 1060 1389 1090 e
1414 1059 1621 1104 corpore
1643 1060 1653 1089 :

267 1153 395 1200 Fore
430 1154 554 1201 then
591 1154 879 1201 neidfaerae
916 1153 1106 1214 naenig
1140 1150 1403 1199 uiuurthit

266 1236 426 1284 thonc
465 1238 728 1284 snotturra
763 1236 891 1283 than
929 1235 1041 1282 him
1078 1235 1222 1282 tharf
1254 1235 1327 1281 sie

266 1321 319 1366 to
354 1318 482 1381 ymb
518 1319 855 1382 hycggannae
892 1335 978 1365 aer
1015 1318 1095 1365 his
1131 1318 1226 1364 hin
1263 1317 1445 1378 iongae

266 1401 422 1448 huaet
458 1401 540 1449 his
578 1404 748 1464 gastae
785 1402 975 1463 godaes
1011 1400 1225 1448 aeththa
1260 1400 1423 1463 yflaes

265 1484 424 1531 aefter
460 1485 776 1548 deothdaege
813 1485 1021 1532 doemid
1059 1483 1355 1531 uueorthae.

62 1587 208 1647 Quod
248 1587 321 1634 ita
356 1587 540 1635 Latine
577 1590 758 1636 sonat:
814 1590 962 1636 ‘ante
998 1587 1344 1636 necessarium
1380 1586 1578 1633 exitum
1615 1603 1733 1648 pru-

60 1669 266 1717 dentior
307 1686 463 1732 quam
507 1687 636 1732 opus
677 1671 834 1718 fuerit
876 1688 1031 1718 nemo
1069 1669 1257 1727 existit,
1301 1669 1364 1717 ad
1403 1668 1735 1730 cogitandum

60 1752 315 1813 uidelicet,
357 1755 635 1815 antequam
667 1753 792 1801 hinc
828 1754 1181 1815 proficiscatur
1219 1752 1408 1812 anima,
1450 1752 1572 1814 quid
1612 1751 1736 1799 boni

62 1835 146 1882 uel
188 1835 314 1882 mali
355 1836 530 1898 egerit,
574 1836 795 1898 qualiter
834 1839 952 1898 post
991 1835 1191 1883 exitum
1229 1834 1505 1882 iudicanda
1546 1834 1736 1881 fuerit.'

62 1917 312 1965 Cantabat
346 1917 504 1966 etiam
538 1918 851 1980 antiphonas
885 1919 949 1966 ob
984 1920 1217 1966 nostram
1249 1917 1655 1965 consolationem
1686 1920 1734 1963 et

60 2016 207 2048 suam
222 2001 253 2060 7,
275 2017 494 2062 quarum
515 2018 619 2048 una
638 2003 716 2049 est
737 2020 747 2050 :
781 2002 850 2048 ‘O
869 2018 958 2049 rex
981 2001 1186 2063 gloriae,
1211 2000 1435 2048 Domine
1453 1999 1730 2047 uirtutum.

60 2082 150 2143 qui
185 2083 536 2145 triumphator
571 2084 726 2132 hodie
763 2101 917 2146 super
954 2100 1135 2131 omnes
1172 2083 1308 2131 celos
1344 2082 1630 2142 ascendisti,
1672 2099 1736 2129 ne

59 2165 386 2227 derelinquas
421 2183 515 2213 nos
548 2167 821 2228 orphanos,
854 2168 941 2214 sed
967 2167 1121 2214 mitte
1145 2165 1460 2228 promissum
1486 2165 1656 2212 Patris
1681 2165 1731 2211 in

57 2264 166 2308 nos,
194 2248 446 2310 Spiritum
466 2249 699 2297 ueritatis
716 2250 743 2298 ⁸.
797 2249 1063 2297 Alleluia.'
1124 2249 1258 2297 Cum
1275 2248 1290 2272 ⁹
1310 2248 1537 2296 uenisset
1561 2250 1734 2295 autem

57 2331 121 2377 ad
146 2330 278 2378 illud
304 2332 537 2392 uerbum,
577 2332 588 2354 ‘
604 2349 670 2379 ne
702 2333 1032 2394 derelinquas
1060 2349 1156 2379 nos
1181 2331 1475 2393 orphan0s‚'
1500 2331 1733 2392 prorupit

58 2412 113 2460 in
156 2412 394 2461 lacrimas
441 2417 492 2462 et
534 2415 767 2462 multum
809 2414 1029 2463 flebatm.
1108 2415 1176 2462 Et
1218 2417 1334 2476 post
1378 2415 1562 2461 horam
1602 2413 1734 2475 cepit

56 2498 285 2558 repetere
326 2514 457 2559 quae
495 2497 805 2546 incoauerat.
883 2499 952 2546 Et
990 2498 1062 2545 sic
1100 2499 1208 2545 tota
1247 2497 1330 2545 die
1367 2494 1645 2554 faciebatU,
1685 2499 1733 2542 et

55 2595 151 2625 nos
175 2579 387 2640 quidem
404 2578 437 2603 ¹²
462 2580 731 2628 audientes
768 2581 892 2628 haec
911 2581 943 2605 ¹3
969 2580 1203 2628 luximus
1229 2596 1348 2627 cum
1375 2579 1479 2639 illo,
1511 2581 1561 2626 et
1596 2578 1733 2624 fleui-

58 2662 260 2722 mus¹⁴;
314 2662 474 2710 altera
520 2662 634 2710 uice
672 2663 909 2726 legimus,
944 2663 1104 2710 altera
1145 2662 1479 2724 plorauimus,
1519 2658 1732 2707 11111110’·”

111 2803 120 2823 ¹
156 2804 354 2853 itemque
374 2817 449 2843 om.
470 2805 571 2843 edd.
827 2803 841 2826 ²
870 2808 1082 2843 consueta
1103 2805 1317 2854 repetiuit
1338 2806 1382 2841 et
1403 2802 1610 2851 expansis
1631 2801 1729 2838 edd.

57 2868 70 2889 ³
99 2881 192 2907 non
214 2869 379 2907 desiuit
400 2870 501 2908 edd.
649 2869 664 2892 4
692 2884 796 2909 uere
818 2902 825 2909 .
854 2901 862 2909 .
887 2901 895 2909 .
915 2871 1079 2908 referre
1100 2883 1171 2907 om.
1194 2869 1295 2907 edd.
1441 2868 1455 2889 ⁵
1485 2869 1633 2905 autem
1656 2879 1730 2904 om.

56 2934 158 2972 edd.
287 2936 301 2958 ⁶
330 2936 447 2974 beati
469 2936 570 2975 edd.
709 2935 722 2956 ⁷
754 2937 823 2974 sui
844 2936 943 2974 edd.
1079 2934 1093 2954 ³
1122 2935 1343 2984 orphanos
1364 2945 1503 2981 usque
1523 2932 1730 2970 ueritatis

57 2999 148 3037 MS.
279 2999 294 3020 ⁹
323 3002 367 3037 et-
387 3013 489 3039 cum
508 3005 682 3049 omitting]
700 3004 851 3040 autem
874 3001 976 3039 edd.
1109 3000 1138 3022 ¹⁰
1166 3000 1292 3038 fleuit
1312 2999 1413 3036 edd.
1544 2997 1570 3018 ¹¹
1601 2999 1645 3035 et
1667 2999 1728 3034 si(-

55 3094 64 3104 .
92 3097 101 3106 .
127 3096 136 3104 .
158 3066 346 3104 faciebat
367 3079 438 3104 om.
461 3067 562 3106 edd.
714 3066 742 3088 ¹2
771 3068 954 3116 quidem
975 3080 1047 3105 om.
1072 3067 1170 3104 edd.
1316 3064 1346 3086 ¹³
1378 3065 1485 3103 haec
1504 3064 1606 3102 aud.
1629 3064 1729 3101 cdd.

56 3130 83 3151 ¹⁴
111 3134 156 3169 et
177 3131 386 3169 fleuimus
405 3145 481 3170 om.
501 3133 604 3171 edd.
719 3132 750 3154 ¹⁵
779 3134 918 3170 immo
940 3144 1114 3181 semper
1134 3130 1234 3169 edd.
