2240 3444
69 713 149 747 Aid
166 712 211 746 of
226 711 298 747 the

69 763 183 805 royal
192 772 329 805 power

68 823 285 855 necessary

69 864 133 896 for
150 862 222 897 the

68 911 253 946 careation
272 910 318 946 of

69 973 159 997 new
169 962 331 1005 bishop-

68 1022 155 1047 νιος.

358 139 466 189 412
883 130 1143 201 Epistola
1180 129 1324 183 Beda
1362 127 1440 181 ad

358 283 485 332 anni
555 281 783 345 spatium
848 295 1117 343 peragrare
1190 273 1534 340 praedicando
1595 272 1687 319 aut
1746 269 1963 318 circuire

358 365 596 427 ualuerit,
669 365 726 412 in
795 379 993 411 nomen
1067 360 1149 409 sui
1209 357 1535 422 praesulatus
1597 353 1955 416 assumpserit,

359 450 483 498 satis
523 446 802 512 exitialbile
842 449 893 495 et
930 446 1143 494 sibimet
1180 442 1293 506 ipsi,
1337 443 1388 489 et
1425 439 1532 487 illis
1569 437 1794 501 quibus¹
1831 436 1961 485 falso

358 528 610 592 praesulis
669 527 886 576 nomine
937 524 1200 589 praelatus
1262 523 1352 579 est,
1416 518 1786 581 comprobatur
1847 533 1963 565 con-

360 612 571 661 cinnare
597 611 906 674 periculum.

429 709 473 754 9.
518 692 662 740 Haec
686 694 806 738 tuae
839 686 1118 748 sanctitati,
1150 682 1487 734 dilectissime
1523 680 1757 741 antistes,
1788 678 1963 743 paucis

360 775 423 823 de
467 775 764 823 calamitate
807 789 909 836 qua
944 773 1120 820 nostra
1156 785 1285 832 gens
1321 765 1617 814 miserrime
1653 764 1853 812 laborat
1888 763 1964 811 in·

360 858 588 917 sinuans,
620 858 828 905 obsecro
855 855 1068 904 sedulus
1083 853 1113 915 2,
1145 855 1204 900 ut
1240 852 1368 900 haec
1405 867 1537 913 (11136
1569 848 1964 912 peruersissime

360 942 443 1004 agi
468 940 737 1004 conspicis,
772 941 1028 1002 quantum
1056 936 1212 998 uales,
1243 935 1308 983 ad
1334 936 1529 982 rectam
1554 933 1694 981 uitae
1720 948 1964 980 normam

359 1042 595 1073 reuocare
633 1023 930 1072 contendas.
1008 1021 1184 1070 Habes
1220 1019 1378 1080 enim,
1420 1020 1480 1066 ut
1518 1018 1683 1078 credo,
1724 1017 1963 1080 promtis·

359 1108 555 1156 simum
598 1110 707 1156 tam
750 1106 873 1155 iusti
913 1105 1106 1154 laboris
1141 1103 1451 1164 adiutorem,
1496 1117 1675 1164 regem
1718 1094 1965 1149 uidelicet

359 1190 691 1240 Ceoluulfum
708 1191 738 1250 3,
763 1189 853 1252 qui
877 1191 929 1237 et
954 1205 1048 1251 pro
1073 1188 1231 1236 insita
1256 1186 1357 1235 sibi
1377 1185 1657 1234 dilectione
1676 1183 1958 1247 religionis,

359 1274 602 1337 quicquid
639 1274 702 1322 ad
740 1273 977 1336 regulam
1014 1271 1225 1335 pietatis
1257 1270 1501 1333 pertinet,
1531 1269 1686 1317 firma
1721 1267 1965 1331 protinus

357 1357 650 1405 intentione
686 1356 932 1405 adiuuare
969 1355 1180 1416 curabit,
1213 1356 1264 1403 et
1300 1352 1533 1402 maxime
1569 1352 1673 1413 illa,
1714 1368 1847 1415 quae
1882 1353 1959 1413 tu,

359 1456 523 1502 quum
543 1440 613 1487 sis
632 1441 957 1502 propinquus
973 1439 1117 1487 illius
1133 1437 1541 1495 amantissimus,
1560 1436 1699 1484 bona
1718 1435 1956 1499 caeperis,

356 1523 480 1585 ipse,
520 1526 580 1571 ut
628 1523 976 1586 perficiantur,
1019 1521 1264 1586 opitulari
1307 1520 1510 1569 curabit
1527 1521 1557 1570 4.
1636 1520 1964 1583 Quapropter

1993 446 2021 483 f.
2043 458 2088 494 92
2102 458 2139 483 a.

357 1606 519 1654 uelim
559 1607 796 1654 sollerter
831 1606 984 1654 illum
1023 1607 1319 1668 admoneaS,
1361 1607 1421 1653 ut
1457 1605 1515 1652 in
1552 1603 1736 1653 diebus
1772 1604 1964 1653 uestris
1997 1664 2000 1668 .

359 1693 553 1738 statum
589 1693 797 1739 nostrae
823 1690 995 1753 gentis
1031 1690 1455 1745 ecclesiasticum„
1470 1689 1526 1736 in
1562 1689 1768 1750 melius,
1800 1704 1962 1750 quam

357 1774 609 1822 hactenus
658 1774 837 1835 fuerat,
880 1774 1167 1823 instaurare
1216 1773 1421 1823 curetis.
1502 1773 1651 1835 Quod
1702 1789 1811 1821 non
1861 1772 1962 1821 alio

357 1857 537 1920 magis,
567 1859 626 1906 ut
662 1858 797 1905 mihi
828 1857 1050 1920 uidetur,
1081 1860 1253 1921 potest
1287 1858 1470 1907 ordine
1501 1857 1692 1921 perfici,
1724 1874 1882 1921 quam
1920 1856 1965 1904 si

357 1941 533 2003 plures
559 1943 765 1989 nostrae
784 1941 931 2004 genti
951 1944 1319 1990 consecrentur
1337 1941 1616 2002 antistites,
1640 1941 1964 2004 exemplum·

361 2041 459 2086 que
502 2024 796 2087 sequamini
837 2025 1161 2088 legislatoris,
1207 2025 1309 2088 qui,
1355 2042 1476 2074 cum
1516 2025 1661 2074 solus
1699 2024 1867 2088 iurgia
1905 2041 1963 2073 ac

360 2107 564 2170 pondus
595 2108 907 2157 Israeliticae
939 2109 1106 2172 plebis
1136 2111 1391 2158 sustinere
1427 2127 1536 2158 non
1571 2111 1761 2173 posset,
1805 2108 1964 2172 elegit

360 2190 458 2239 sibi
484 2190 664 2239 diuino
695 2191 902 2240 adiutus
937 2193 1165 2255 consilio,
1197 2196 1249 2242 et
1287 2194 1609 2242 consecrauit
1635 2193 1964 2258 septuaginta

360 2274 599 2334 seniores,
631 2292 854 2338 quorum
895 2293 1015 2324 cura
1051 2279 1208 2339 atque
1237 2277 1467 2326 auxilio⁵
1510 2277 1825 2341 impositum
1863 2275 1963 2324 sibi

359 2374 490 2405 onus
531 2358 665 2406 ferre
707 2359 922 2407 liberius
962 2363 1136 2422 posset
1151 2363 1178 2410 ⁶.
1258 2361 1386 2422 Quis
1429 2361 1571 2409 enim
1615 2379 1723 2409 non
1770 2360 1960 2420 uideat,

359 2443 552 2503 quanto
600 2441 668 2489 sit
715 2442 906 2490 melius
953 2445 1063 2491 tam
1113 2460 1328 2492 enorme
1376 2445 1584 2507 pondus
1633 2443 1965 2493 ecclesiastici

359 2523 628 2586 regiminis
680 2524 736 2572 in
783 2525 971 2588 plures,
1027 2527 1118 2589 qui
1175 2528 1275 2577 hoc
1331 2527 1702 2591 dispertitum⁷
1757 2527 1964 2576 facilius

358 2607 542 2668 ferant,
564 2607 741 2669 diuidi,
770 2625 928 2671 quam
954 2627 1123 2659 unum
1150 2612 1247 2660 sub
1273 2612 1421 2673 fasce,
1445 2628 1602 2675 quem
1627 2613 1833 2675 portare
1852 2627 1961 2659 non

358 2690 533 2752 possit,
560 2691 799 2753 opprimi.
857 2692 993 2741 Nam
1020 2696 1071 2742 et
1097 2698 1307 2744 sanctus
1332 2713 1463 2758 papa
1479 2697 1494 2719 ⁸
1521 2696 1816 2758 Gregorius,
1841 2711 1961 2742 cum

359 2774 421 2820 (16
441 2774 542 2821 fide
569 2777 772 2824 nostrae
797 2777 982 2839 gentis,
1004 2795 1134 2840 quae
1158 2780 1328 2828 adhuc
1352 2780 1530 2828 futura
1551 2782 1602 2828 et
1622 2782 1931 2829 conseruata
1947 2781 1961 2806 ⁹

360 2859 467 2904 erat
492 2856 548 2904 in
570 2858 793 2916 Christo,
817 2860 880 2907 ad
906 2860 1272 2910 beatissimum
1292 2864 1743 2926 archiepiscopum
1759 2864 1962 2925 Augus·

356 2938 529 2986 tinum
568 2940 744 2989 missis
779 2941 970 2992 litteris
1013 2944 1313 3008 disputaret,
1357 2947 1631 2996 duodecim
1670 2947 1727 2996 in
1765 2964 1823 2996 ea
1862 2946 1961 3009 epi-

414 3077 426 3098 ¹
458 3079 638 3118 sibimet
662 3082 769 3131 ipsis
789 3083 954 3132 quibus
976 3084 1036 3124 M.
1123 3084 1138 3106 ²
1168 3085 1231 3124 -lo
1251 3085 1309 3126 M.
1414 3085 1429 3107 3
1451 3086 1660 3126 ·wulfum
1682 3087 1742 3128 M.
1821 3085 1836 3108 4
1870 3087 1960 3138 opi-

361 3155 584 3193 tulabitur
606 3157 664 3195 M.
780 3158 793 3181 ⁵
822 3172 901 3210 ope
921 3162 1058 3211 atque
1079 3162 1267 3200 consilio
1287 3163 1346 3203 M.
1461 3163 1476 3185 ‘³
1504 3165 1646 3214 possit
1668 3165 1727 3204 M.
1842 3163 1858 3186 ⁷
1886 3165 1963 3205 hic

361 3220 653 3271 dispertitum
669 3223 728 3263 M.
842 3226 855 3246 δ’
885 3238 1001 3276 papa
1022 3230 1205 3267 sanctus
1226 3228 1284 3268 M.
1402 3228 1416 3251 ⁹
1447 3232 1627 3269 -uatura
1648 3231 1707 3271 H.

1993 2205 2117 2242 Num.
2138 2206 2193 2244 xi.

1997 2258 2039 2292 16
2057 2267 2144 2302 sqq.

1994 2699 2121 2735 Baed.

1993 2751 2046 2786 H.
2060 2751 2106 2786 E.
2119 2750 2208 2789 iao.
