2240 3444
15 910 28 947 “.
47 922 89 957 9²
108 909 144 946 b.

662 169 994 240 E'‹·9I;ertam
1035 169 1389 238 Episcopum.
1704 166 1807 215 413

240 335 435 383 scopos,
466 319 738 381 postquam
775 315 835 362 ad
868 314 1023 361 fidem
1059 310 1338 369 nonii-ont',
1369 310 1676 357 ‹⁷›rdinan1hnz
1706 330 1811 352 v».-

242 401 506 461 decreuit;
560 399 616 446 in
664 398 853 461 quibus
891 395 1226 443 Eboracensis
1273 393 1499 449 antistes,
1546 400 1744 452 acm-pto
1787 408 1813 435 ιι

241 486 361 534 sede
409 480 688 545 apostolica
734 479 905 542 pallio,
960 476 1386 537 lnetropolitamls
1439 492 1545 520 essu
1594 472 1808 518 ‹lawr-4.

243 567 411 629 Quem
460 564 686 627 profecto
734 576 1013 609 numerum
1063 559 1415 620 episcoporum
1461 554 1613 602 u‹-li1n
1668 554 1816 599 lumb»

242 652 332 698 tua
356 649 531 696 sancta
555 644 849 709 paternitas,
875 640 1226 705 patrocinante
1252 638 1497 700 praesidio
1522 636 1737 698 piissimi
1765 652 1818 680 as:

244 732 356 780 Deo
394 730 570 779 dilecti
606 727 740 789 regis
776 723 1002 788 praefati,
1033 722 1265 770 sollerter
1290 719 1503 781 implere
1529 717 1813 765 contvmlat.

245 813 503 878 quatinus,
543 809 840 859 abundante
878 821 1095 853 numero
1134 802 1509 864 magistrorum,
1553 798 1822 860 p‹=1·f‹·‹·tius

246 895 458 946 ecclesia
482 891 676 943 Christi
701 892 755 938 in
781 889 876 948 his,
903 903 1030 950 quae
1051 886 1113 934 ad
1134 885 1333 932 cultum
1360 899 1524 930 sacrae
1552 880 1691 935 religi
1712 880 1823 926 onis

245 978 525 1042 pertinent,
565 973 884 1022 instituatur.
962 970 1030 1017 Et
1067 967 1276 1030 quidem
1315 965 1554 1012 nouimus
1588 963 1703 1024 quia
1738 978 1825 1022 μετ

246 1059 504 1109 incuriam
540 1071 722 1120 regum
753 1051 1182 1116 praecedentium,
1214 1047 1613 1108 donationesque
1639 1044 1827 1091 stultis-

247 1143 407 1193 simas
453 1141 651 1189 factum
701 1139 791 1198 est,
846 1138 905 1184 ut
953 1151 1060 1182 non
1105 1132 1254 1180 facile
1301 1131 1441 1178 locus
1489 1144 1685 1176 uacans.
1741 1125 1826 1172 ubi

248 1227 396 1275 sedes
432 1221 734 1286 episcopalis
769 1235 904 1267 noua
940 1216 1052 1265 fieri
1089 1215 1281 1263 debeat.
1324 1210 1547 1259 inueniri
1585 1210 1763 1257 ualeat.

324 1324 399 1356 10.
444 1305 764 1367 Quapropter
790 1299 1124 1348 commodum
1151 1295 1398 1354 duxerim,
1423 1293 1596 1341 habito
1613 1290 1628 1315 ²
1649 1289 1827 1338 maiori

251 1389 469 1440 concilio
495 1390 546 1435 et
572 1400 840 1443 consensu,
872 1379 1154 1444 pontificali
1180 1377 1336 1425 simul
1361 1378 1411 1423 et
1447 1373 1602 1436 regali
1624 1373 1638 1395 ²³
1665 1372 1827 1420 edicto

250 1472 591 1539 prospiciatur
629 1469 771 1516 locus
809 1464 996 1527 aliquis
1037 1459 1484 1517 monasteriorum,
1526 1456 1614 1503 ubi
1657 1454 1827 1501 sedes⁴

253 1558 345 1606 fiat
393 1551 696 1618 episcopalis
714 1550 746 1598 5.
841 1546 909 1596 Et
958 1546 1054 1594 ne⁶
1102 1544 1232 1591 forte
1276 1541 1430 1589 abbas
1467 1538 1551 1587 uel
1591 1535 1829 1584 monachi

253 1640 376 1689 huic
402 1638 602 1686 decreto
632 1631 883 1682 contraire
915 1646 971 1678 ac
1007 1627 1241 1675 resistere
1270 1621 1652 1685 temptauerint,
1685 1620 1832 1666 detur

255 1723 363 1771 illis
388 1720 610 1779 licentia,
641 1719 699 1765 ut
725 1716 787 1764 de
813 1714 920 1762 suis
949 1711 1048 1774 ipsi
1073 1709 1268 1772 eligant
1293 1722 1426 1765 eum,
1457 1703 1545 1766 qui
1569 1702 1832 1764 episcopus

255 1806 537 1860 ordinetur,
564 1804 614 1850 et
633 1797 978 1848 adiacentium
997 1794 1240 1851 locorum,
1266 1790 1519 1852 quotquot
1538 1786 1599 1833 ad
1621 1784 1831 1832 eandem

257 1887 503 1938 diocesim
524 1886 539 1910 ⁷
565 1882 870 1946 pertineant,
902 1894 1005 1926 una
1031 1891 1150 1923 cum
1176 1874 1284 1936 ipso
1318 1869 1626 1918 monasterio
1660 1882 1834 1913 curam

257 1972 399 2036 gerat
441 1966 816 2031 episcopalem3
854 1963 957 2020 aut,
992 1959 1034 2007 si
1069 1958 1201 2006 forte
1238 1956 1294 2002 in
1332 1954 1440 2015 ipso
1479 1949 1786 1999 monasterio
1806 1949 1831 2005 ⁴,

259 2053 350 2117 qui
398 2052 667 2115 episcopus
717 2045 944 2094 ordinari
988 2041 1181 2099 debeat,
1224 2034 1451 2085 inueniri
1499 2034 1730 2094 nequeat.
1785 2030 1836 2076 in

257 2136 491 2199 ipsorum
511 2136 688 2181 tamen
705 2130 847 2177 iuxta
863 2127 1055 2175 statuta
1075 2136 1331 2171 canonum
1348 2117 1565 2180 pendeat
1587 2113 1832 2162 examine.

261 2220 349 2283 qui
377 2219 438 2267 de
465 2233 557 2265 sua
582 2212 768 2263 diocesi
794 2210 1061 2258 ordinetur
1085 2204 1314 2253 antistes
1392 2199 1535 2260 Quod
1563 2199 1608 2245 sir
1629 2198 1724 2244 hoc
1753 2197 1833 2243 ita.

259 2306 319 2352 ut
344 2299 686 2364 suggerimus,
719 2293 947 2343 Domino
972 2289 1264 2345 adiuuante,
1296 2281 1574 2346 perfeceriS,
1601 2277 1840 2327 facillime

262 2386 418 2435 etiam
436 2385 465 2444 ⁹,
495 2384 555 2430 ut
588 2380 912 2436 arbitramur,
949 2374 1046 2422 hoc
1079 2367 1348 2426 obtinebis,
1380 2368 1435 2412 ut
1472 2365 1611 2411 iuxta
1644 2362 1841 2408 decreta

263 2468 400 2517 sedis
424 2463 751 2529 apostolicae,
777 2455 1114 2508 Eboracensis
1147 2449 1354 2499 ecclesia
1388 2443 1839 2505 metropolitanum

262 2551 424 2614 possit
476 2547 666 2596 habere
720 2540 1032 2606 pontificem.
1116 2537 1193 2584 Ac
1242 2533 1285 2580 si
1339 2546 1468 2592 opus
1516 2543 1622 2573 esse
1672 2523 1839 2570 uisum

263 2633 436 2692 fuerit,
462 2633 520 2678 ut
539 2628 633 2677 tali
652 2623 981 2682 monasterio,
1007 2634 1154 2668 causa
1180 2615 1498 2677 episcopatus
1514 2604 1835 2667 suscipiendi.

264 2713 492 2776 amplius
517 2710 712 2773 aliquid
729 2709 961 2757 locorum
982 2720 1036 2751 ac
1053 2697 1432 2763 possessionum
1453 2689 1624 2753 auga-ri
1644 2688 1835 2735 debeat.

265 2799 391 2846 sunt
427 2795 537 2843 loca
551 2792 586 2818 ¹⁰
623 2792 912 2848 innumera,
955 2788 1013 2833 ut
1047 2782 1289 2831 nouimus
1326 2791 1519 2824 omnes,
1560 2770 1678 2818 stilo
1715 2767 1839 2815 stul-

266 2874 520 2928 tissimo¹¹
559 2876 613 2924 in
661 2869 1093 2922 monasteriorum
1133 2861 1351 2921 ascripta
1395 2853 1711 2903 uocabulum.
1755 2849 1839 2895 sed

324 3038 336 3060 ¹
366 3036 591 3075 uenerunt
613 3033 672 3072 H.
809 3028 824 3050 ²
853 3031 921 3067 -tu
943 3026 1001 3064 Η.
1114 3020 1128 3042 ³
1156 3017 1401 3071 pontificali
1429 3047 1436 3053 .
1459 3045 1468 3052 .
1498 3045 1506 3051 .
1528 3011 1661 3060 regali
1683 3023 1752 3046 om.
1784 3007 1837 3044 11.

268 3102 282 3125 ⁴
314 3103 431 3141 sedis
452 3101 510 3140 H.
646 3098 660 3120 ⁵
690 3097 821 3146 episc.
848 3094 924 3132 fiat
948 3092 1006 3130 M.
1130 3085 1143 3107 ⁰
1176 3099 1229 3123 ne
1252 3099 1323 3121 om.
1354 3081 1407 3120 M.
1523 3076 1535 3096 ⁷
1565 3075 1761 3114 dim-idm
1789 3072 1843 3109 M.

269 3167 284 3189 ⁸
313 3179 465 3207 curam
490 3196 499 3204 .
526 3195 535 3204 .
563 3195 571 3203 .
595 3194 604 3203 .
631 3160 899 3201 monasterio
919 3158 1041 3196 added
1062 3167 1111 3192 on
1131 3154 1286 3198 marma
1309 3148 1364 3186 H.
1485 3145 1499 3165 ⁹
1530 3142 1664 3180 ctiam
1686 3154 1759 3175 om.
1787 3136 1840 3174 11.

273 3233 301 3255 ¹⁰
330 3234 423 3272 loca
444 3244 515 3270 om.
542 3229 599 3268 H.
714 3226 747 3252 ¹1
781 3225 884 3265 stilo
904 3222 1028 3263 stult.
1052 3233 1124 3257 om.
1153 3216 1208 3255 M.

1857 1295 1939 1330 Tho
1960 1306 2045 1328 new

1858 1344 2080 1387 bishoprics

1859 1405 1950 1436 may
1971 1394 2017 1425 1η·

1859 1443 2014 1478 locatcd
2037 1442 2076 1475 ἰιι

1859 1492 2037 1534 existing

1860 1551 2018 1575 monas-

1860 1591 1990 1626 teries.
