2240 3444
343 120 409 170 12
481 127 483 129 ’
795 116 1061 170 Historia
1099 115 1489 170 Ecclesiccstica
1779 123 1940 176 [L113.1.

336 265 472 312 hanc
510 262 658 328 ergo1
695 282 861 328 usque
896 264 1266 328 peruenientes
1301 262 1513 327 nauigio
1546 261 1697 322 Picti,
1727 262 1787 309 ut
1812 261 1943 310 dixi-

337 366 471 410 mus,
502 349 769 411 petierunt
793 348 937 416 inea
961 348 1061 397 sibi
1087 365 1290 411 quoque
1315 348 1462 396 sedes
1487 349 1539 395 et
1563 345 1943 394 habitationem

339 433 534 482 donari.
647 432 1032 495 :Respondebant
1074 431 1254 493 Scotti,
1304 431 1425 493 quia
1471 447 1580 478 non
1628 428 1809 477 ambos
1858 445 1945 476 eos

338 518 541 578 caperet
562 515 748 577 insula,
776 515 894 564 ‘sed
913 513 1508 578 possumus,⁷inquiunt,
1539 512 1771 561 ‘salubre
1796 511 1945 560 uobis

336 600 456 647 dare
482 599 773 659 consilium,
804 599 930 661 quid
955 615 1103 661 agere
1130 597 1360 645 ualeatis.
1433 597 1695 645 Nouimus
1714 595 1943 645 insulam

336 683 493 731 aliam
535 699 645 731 esse
686 699 794 730 non
834 682 1016 744 procul
1058 698 1087 729 a
1124 683 1305 729 nostra
1353 682 1533 728 contra
1579 682 1755 728 ortum
1797 678 1937 739 solis,

339 784 497 829 quam
558 783 706 829 saepe
755 765 1096 813 lucidioribus
1150 765 1333 812 diebus
1393 764 1456 812 de
1514 764 1669 826 longe
1718 765 1960 835 aspicere.

338 851 579 898 solemus.
681 850 836 897 Hanc
884 849 1026 896 adire
1075 848 1119 895 si
1173 847 1352 909 uultis,
1406 847 1745 896 habitabilem
1794 848 1945 896 uobis

339 934 504 982 facere
547 932 766 993 ualetis;
811 932 910 993 uel,
954 932 1122 994 siqui²
1158 931 1422 992 restiterit,
1465 932 1618 979 nobis
1660 931 1946 979 auxiliariis

340 1014 588 1065 utimini.'
664 1016 852 1078 Itaque
888 1017 1128 1077 petentes
1165 1014 1485 1063 Brittaniam
1520 1015 1672 1075 Picti,
1711 1015 1945 1063 habitare

338 1117 429 1162 per
490 1099 924 1162 septentrionales
983 1098 1188 1147 insulae
1247 1101 1422 1161 partes
1469 1101 1764 1161 coeperunt,
1818 1115 1943 1146 nam

339 1184 571 1231 austrina
618 1184 899 1231 Brettones
949 1185 1325 1246 occupauerant
1340 1183 1370 1231 3.
1472 1183 1709 1244 Cumque
1757 1198 1944 1230 uxores

339 1267 475 1315 Picti
514 1284 622 1314 non
663 1267 916 1315 habentes
949 1269 1189 1330 peterent
1217 1284 1246 1314 a
1280 1266 1485 1327 Scottis,
1522 1283 1580 1314 ea
1617 1265 1788 1313 solum
1827 1282 1946 1313 con·

338 1350 542 1398 dicione
591 1351 710 1398 dare
760 1352 1152 1411 consenserunt,
1206 1352 1267 1398 ut
1315 1350 1407 1398 ubi
1453 1366 1535 1397 res
1594 1349 1836 1397 ueniret4
1889 1349 1945 1396 in

336 1434 570 1494 dubium,
613 1434 781 1496 magis
817 1434 881 1481 de
916 1433 1145 1481 feminea
1186 1450 1372 1496 regum
1412 1433 1652 1496 prosapia
1688 1450 1846 1495 quam
1884 1433 1947 1481 de

334 1517 625 1565 masculina
671 1533 845 1579 regem
896 1517 996 1565 sibi
1046 1517 1301 1580 eligerent
1322 1535 1333 1578 3
1395 1517 1532 1579 quod
1580 1533 1746 1579 usque
1792 1515 1947 1564 hodie

337 1601 474 1662 apud
513 1600 691 1648 Pictos
728 1602 932 1648 constat
972 1617 1081 1648 esse
1118 1602 1397 1648 seruatum.

47 1688 77 1721 T
83 1688 135 1722 he
156 1687 282 1723 Soots.
408 1684 731 1732 Procedente
756 1686 934 1732 autem
967 1686 1216 1746 tempore,
1240 1683 1503 1732 Brittania
1527 1685 1646 1746 post
1667 1683 1946 1730 Brettones

339 1769 390 1814 et
440 1767 618 1815 Pictos
666 1767 877 1815 tertiam
928 1767 1226 1816 Scottorum
1266 1766 1536 1815 nationem
1579 1765 1635 1813 in
1675 1766 1947 1814 Pictorum

338 1852 486 1912 parte
516 1850 740 1912 recepit;
780 1850 870 1912 qui
908 1851 1037 1898 duce
1075 1851 1255 1898 Reuda
1286 1851 1349 1898 de
1382 1849 1642 1897 Hibernia
1671 1848 1942 1911 progressi,

339 1934 425 1981 uel
467 1933 696 1981 amicitia
739 1934 824 1980 uel
866 1934 1002 1981 ferro
1045 1933 1258 1982 sibimet
1300 1933 1439 1981 inter
1481 1950 1568 1981 eos
1616 1934 1774 1993 sedes,
1820 1949 1949 1994 quas

339 2017 592 2065 hactenus
631 2017 840 2078 habent,
886 2016 1222 2065 uindicarunt
1244 2035 1255 2077 3
1307 2035 1337 2065 a
1380 2034 1482 2079 quo
1531 2016 1776 2064 uidelicet
1819 2016 1948 2063 duce

340 2119 505 2164 usque
531 2102 687 2150 hodie
714 2102 1054 2150 Dalreudini5
1085 2104 1352 2162 uocantur,
1385 2117 1510 2148 nam
1548 2101 1729 2163 lingua
1763 2117 1945 2148 eorum

340 2186 455 2234 daal
470 2186 485 2209 ⁶
510 2187 713 2247 partem
739 2185 1011 2247 significat.

47 2271 234 2355 {ffqoscrifp-
409 2268 669 2317 Hibernia
704 2271 881 2316 autem
920 2271 971 2316 et
1010 2268 1290 2317 latitudine
1324 2268 1405 2317 sui
1440 2270 1620 2328 status,
1652 2270 1703 2315 et
1738 2266 1948 2315 salubri-

46 2333 224 2407 Ti·«)2ila(r)1sl.
339 2355 445 2401 tate
480 2349 484 2417 l
518 2369 575 2400 ac
608 2353 886 2399 serenitate
911 2369 1090 2399 aerum
1118 2352 1351 2400 multum
1377 2351 1673 2400 Brittaniae
1698 2353 1939 2414 praestat,
1973 2356 2000 2392 f.
2021 2358 2094 2399 4b.

337 2439 411 2485 ita
458 2438 516 2483 ut
556 2452 672 2482 raro
720 2435 794 2482 ibi
842 2435 934 2482 nix
976 2435 1095 2497 plus
1144 2453 1302 2498 quam
1350 2435 1596 2483 triduana
1643 2437 1947 2495 remaneat3

340 2536 496 2567 nemo
550 2521 762 2581 propter
801 2518 1033 2566 hiemem
1083 2521 1173 2566 aut
1222 2519 1372 2567 faena
1420 2522 1558 2567 secet
1597 2521 1803 2579 aestate,
1858 2521 1949 2566 aut

340 2603 547 2651 stabula
588 2601 806 2649 fabricet
848 2601 1134 2662 iumentis3
1184 2603 1395 2650 nullum
1439 2602 1512 2650 ibi
1555 2601 1740 2664 reptile
1782 2601 1949 2649 uideri

342 2686 516 2743 soleat,
554 2685 735 2733 nullus
772 2685 951 2732 uiuere
988 2701 1200 2747 serpens
1234 2686 1438 2746 ualeat,
1476 2702 1601 2733 nam
1633 2685 1817 2746 saepe⁷
1856 2684 1948 2732 illo

343 2770 406 2816 de
456 2768 716 2816 Brittania
770 2768 932 2816 adlati
980 2770 1259 2829 serpentes,
1314 2786 1437 2816 mox
1492 2771 1564 2828 ut,
1619 2768 1949 2830 proximante

343 2851 494 2899 terris
541 2850 765 2913 nauigio,
815 2851 972 2899 odore
1020 2851 1153 2898 aeris
1200 2851 1344 2898 illius
1383 2851 1574 2899 adtacti
1616 2851 1827 2911 fuerint,
1876 2851 1949 2898 in-

344 2936 554 2981 tereunt
579 2953 590 2995 3
630 2935 759 2996 quin
779 2933 957 2996 potius
976 2933 1151 2981 onmia
1168 2950 1314 2995 pene,
1340 2950 1470 2995 quae
1490 2934 1552 2981 de
1573 2934 1753 2982 eadem
1778 2933 1951 2981 insula

401 3058 411 3079 ¹
442 3072 544 3109 ergo
565 3072 638 3098 om.
662 3059 737 3110 Ml.
856 3057 871 3079 2
899 3063 976 3097 For
995 3059 1115 3108 siqui
1138 3058 1181 3097 M
1204 3062 1276 3096 has·
1298 3057 1338 3107 (ἶ,
1357 3059 1386 3097 i.
1405 3072 1441 3096 O.
1464 3071 1590 3107 quae.
1679 3062 1691 3082 ³
1723 3061 1850 3097 -runt
1872 3058 1947 3098 M1.

346 3122 409 3163 Cl.
590 3125 603 3146 ‘²
635 3125 896 3175 perueniret
917 3124 976 3163 M.
1120 3123 1135 3146 ⁵
1165 3124 1469 3163 daalreutbini
1492 3124 1546 3162 N¹
1566 3137 1575 3173 ;
1635 3125 1855 3163 —reutdini
1877 3124 1947 3164 N2.

347 3188 361 3210 ‘¹
391 3191 463 3229 dal
487 3189 532 3230 C.
665 3189 679 3211 ⁷
711 3203 840 3241 saepe
861 3203 935 3229 om.
958 3189 1034 3229 M¹.
