2240 3444
9 2590 38 2628 f.
58 2602 100 2637 55
118 2603 152 2628 a.

263 140 359 179 Cn.
377 136 490 188 XV.]
765 130 955 183 Gentis·
996 134 1039 184 A
1058 135 1330 201 ›mlvi-um.
1735 146 1834 194 157

260 273 492 321 multum
528 273 814 335 pertimuit,
853 292 908 323 ac
945 279 1119 325 statim
1158 297 1434 339 exsurgens
1473 284 1656 333 leuauit
1700 306 1829 342 ι-ιιιιι,

262 356 574 418 promittens
607 354 689 403 se¹
725 357 953 406 multum
981 359 1058 405 illi
1093 378 1202 408 esse
1236 363 1504 423 placatum,
1538 368 1658 414 «lum
1690 372 1836 416 iuml«,

262 439 352 486 ille
377 438 606 486 residens
631 439 693 486 ad
731 440 909 500 epulas
942 441 1207 489 tristitiam
1235 445 1521 505 deponeret.
1604 450 1836 511 Dumque

261 537 364 582 rex,
387 521 599 568 iubente
625 538 679 568 ae
706 523 1001 583 postulante
1026 524 1270 586 episeopo,
1299 527 1543 575 laetitiam
1575 532 1829 591 revipvrvt,

261 603 425 665 eoepit
459 620 485 651 e
515 606 692 651 eontra
724 603 990 666 episeopus
1027 606 1192 654 tristis
1225 624 1384 669 usque
1417 610 1478 656 ad
1517 611 1833 660 lam-imarum

260 686 614 748 profusionem
653 685 794 734 effici.
872 687 1035 746 Quem
1070 689 1195 736 dum
1229 691 1493 752 presbyter
1517 711 1639 739 suus
1666 695 1838 755 lingua

260 771 438 831 patria,
466 785 621 830 quam
647 785 734 815 rex
761 770 812 816 et
837 769 1105 817 domestici
1132 771 1240 818 eius
1268 788 1371 819 non
1398 778 1662 832 nouerant,
1689 794 1839 836 quan·

260 851 629 910 lacrima-retur,
669 852 1067 913 interrogasset:
1111 853 1288 910 ‘Scio‚'
1323 855 1506 916 inquit,
1553 857 1697 917 ‘quia
1739 874 1837 903 11011

259 934 429 982 multo
455 935 690 995 tempore
722 934 956 981 uicturus
986 936 1062 982 est
1087 952 1177 982 rex
1200 954 1210 994 ;
1248 953 1531 998 numquam
1558 938 1695 985 enim
1724 943 1841 986 ante

230 1016 383 1064 ·haee
417 1016 527 1064 uidi
563 1016 819 1063 humilem
845 1033 1032 1079 regem.
1112 1017 1266 1065 Unde
1298 1019 1652 1067 animaduerto
1690 1021 1837 1067 illum

259 1099 411 1147 citius
453 1116 514 1147 ex
556 1099 650 1147 hae
693 1098 804 1147 uita
843 1099 1181 1161 rapiendum3
1234 1118 1339 1148 non
1383 1102 1523 1148 enim
1567 1103 1719 1163 digna
1766 1105 1839 1149 est

258 1182 382 1230 haee
423 1198 551 1244 gens
592 1181 752 1229 talem
795 1182 982 1230 habere
1024 1184 1309 1230 rectorem.’
1380 1183 1481 1231 Nee
1524 1186 1690 1231 multo
1726 1189 1840 1246 post

260 1265 370 1313 dira
415 1261 696 1312 antistitis²
743 1265 1003 1326 praesagia
1039 1264 1178 1313 tristi
1215 1266 1346 1328 regis
1394 1267 1586 1326 funere,
1631 1268 1692 1314 de
1741 1284 1838 1328 quo

258 1364 415 1409 supra
451 1347 691 1408 diximus,
735 1347 950 1409 impleta
986 1350 1122 1396 sunt.

329 1430 428 1478 Sed
454 1432 505 1478 et
531 1430 640 1492 ipse
663 1430 882 1478 antistes
907 1431 1082 1478 Aidan
1113 1447 1218 1477 non
1244 1429 1360 1491 plus
1387 1447 1540 1492 quam
1566 1431 1700 1478 XIIO
1726 1435 1839 1492 post

259 1513 566 1562 occisionem
614 1513 761 1575 regis,
816 1529 972 1574 quem
1022 1513 1236 1572 amabat,
1291 1513 1384 1572 die,
1438 1513 1488 1560 id
1545 1516 1619 1560 est
1677 1513 1840 1575 pridie

261 1597 525 1645 Kalendas
563 1597 902 1659 Septembres,
957 1597 1019 1643 de
1062 1595 1262 1643 saeculo
1304 1596 1502 1643 ablatus
1520 1596 1547 1656 ³,
1597 1599 1840 1658 perpetua

261 1679 498 1727 laborum
524 1696 737 1727 suorum
767 1697 796 1728 a
822 1679 1050 1727 Domino
1075 1678 1300 1740 praemia
1324 1679 1524 1740 recepit.

896 1914 1048 1963 CAP.
1093 1914 1204 1962 XV.

263 2061 310 2096 Ut
328 2060 522 2106 episcopus
541 2061 680 2096 Aiclan
706 2061 843 2096 nautis
866 2062 898 2096 et
926 2061 1179 2104 tempestatem
1195 2058 1381 2103 futuram
1404 2058 1650 2103 praedia-erit,
1673 2060 1703 2092 et
1722 2058 1840 2093 oleum

655 2128 847 2174 sanctum,
872 2137 944 2170 quo
964 2127 1064 2161 hanc
1082 2127 1267 2172 sedarent,
1291 2126 1445 2160 dederit.

326 2255 432 2316 Qm
475 2255 620 2303 ouius
661 2255 838 2303 meriti
873 2254 1043 2314 fuerit,
1084 2254 1241 2302 etiam
1278 2252 1641 2300 miraculorum
1681 2249 1840 2311 signis

257 2337 492 2386 internus
524 2337 718 2386 arbiter
746 2337 963 2397 edocuit,
996 2355 1022 2385 e
1049 2337 1235 2399 quibus
1268 2336 1365 2384 tria
1394 2333 1668 2382 momoriae
1694 2348 1841 2379 eausa

256 2437 447 2483 ponere
495 2421 620 2468 satis
669 2421 749 2469 sit.
833 2420 1113 2482 Presbyter
1159 2418 1382 2480 quidam,
1438 2415 1646 2463 nomine
1695 2415 1833 2470 Utta,

256 2504 454 2551 multae
490 2503 760 2566 grauitatis
799 2520 855 2551 ao
891 2502 1126 2551 ueritatis
1163 2501 1255 2560 uir,
1290 2503 1349 2559 ‚et
1387 2500 1449 2546 ob
1491 2498 1540 2545 id
1582 2496 1831 2546 omnibus,

260 2584 265 2650 Ι
295 2585 452 2634 etiam
477 2585 603 2648 ipsis
628 2585 950 2647 principibus
975 2583 1161 2632 saeculi
1180 2581 1512 2638 honorabilis,
1532 2596 1647 2626 cum
1674 2578 1838 2623 mitte-

257 2670 401 2716 retur
449 2668 688 2717 Cantiam
736 2669 801 2716 ob
849 2667 1202 2716 adducendam
1251 2665 1368 2711 inde
1417 2662 1684 2721 coniugem
1734 2659 1835 2719 regi

258 2751 463 2812 Osui04,
516 2751 679 2799 filiam
737 2750 978 2799 uidelicet
1026 2747 1272 2796 AEdujni5
1331 2745 1462 2807 regis
1519 2741 1830 2798 Eanfledam,

259 2834 420 2896 quae⁶
456 2833 619 2881 occiso
652 2836 796 2896 patre
829 2833 954 2880 illue
988 2833 1155 2879 fuerat
1187 2830 1435 2878 adducta:
1485 2825 1571 2886 qui
1610 2822 1834 2871 terrestri

259 2916 472 2979 quidem
514 2916 699 2964 itinere
741 2916 831 2964 illo
873 2915 1064 2972 uenire,
1108 2914 1193 2960 sed
1237 2910 1439 2971 nauigio
1480 2923 1596 2954 eum
1638 2905 1835 2966 uirgine

314 3064 328 3086 ¹
357 3077 461 3104 eum
483 3065 529 3103 C.
640 3064 655 3086 ²
685 3065 866 3103 antistis
887 3061 947 3102 0¹.
964 3063 1012 3101 Β.
1141 3060 1154 3082 ³
1184 3059 1382 3097 sublatus
1399 3057 1444 3095 C.
1559 3054 1566 3075 ⁸
1598 3053 1752 3090 osuuiu
1777 3053 1807 3089 (J
1828 3065 1835 3096 ;

260 3143 370 3170 osuu
391 3130 444 3168 N¹
463 3144 473 3179 ;
503 3130 631 3168 osuiu
652 3129 722 3168 N.²
742 3129 791 3168 B.
821 3130 896 3180 (the
906 3130 1008 3174 final
1030 3139 1056 3164 u
1079 3129 1184 3172 being]
1203 3138 1247 3161 on
1270 3136 1321 3161 (ιη
1343 3119 1524 3169 erasure).
1640 3117 1652 3138 ⁵
1683 3116 1834 3154 eduini

263 3196 310 3236 C.
331 3195 383 3234 B.
405 3195 457 3234 N.
568 3193 583 3215 ⁶
612 3196 717 3245 quia
739 3195 784 3234 C.
811 3194 862 3232 D.
885 3193 946 3241 Ol.
968 3192 1039 3230 &o.

1871 1442 2002 1475 Deatli
2023 1446 2057 1474 ol

1869 1490 2017 1527 Aidan.

1871 1542 1968 1583 Aug.
1991 1550 2118 1575 ιιΛι-ι,

1872 2255 2058 2289 Mirm-lu<

1871 2304 2050 2345 wrought
2071 2305 2117 2337 bv

1871 2354 2012 2387 Aidau.
