2240 3444
95 748 217 789 Story
236 744 280 779 of

94 796 160 831 his
180 794 318 839 death,

111 2828 197 2863 and
222 2824 368 2861 burial.

380 85 487 137 226
835 84 1102 138 Historia
1140 83 1530 139 Ecclesiasticcz
1785 91 1893 145 [Lm.
1916 91 1988 132 IV.

381 217 473 290 qui*
487 226 816 276 Erconualdo
833 227 846 252 ¹
867 230 1182 277 successerat
1204 247 1215 290 3
1251 230 1302 277 et
1322 245 1413 291 per
1433 229 1544 276 eius
1567 225 1990 275 benedictionem

380 310 623 359 habitum
649 311 929 374 religioniS,
963 329 1121 374 quem
1147 313 1236 360 diu
1263 311 1595 371 desiderabat,
1627 310 1834 371 accepit.
1899 309 1992 356 At-

382 394 509 443 tulit
545 396 722 442 autem
744 395 930 449 ‚eidem
964 397 1015 443 et
1049 412 1315 444 summam
1351 395 1600 458 pecuniae
1634 410 1742 441 non
1775 408 1992 454 paruam

382 478 696 541 pauperibus
730 479 1059 541 erogandam,
1090 479 1167 526 nil
1202 478 1520 527 omnimodis
1554 476 1652 524 sibi
1688 491 1992 535 reseruans3

384 562 473 610 sed
522 579 718 624 pauper
764 563 953 624 spiritu
1003 563 1170 626 magis
1210 564 1425 625 propter
1463 577 1687 623 regnum
1731 559 1993 607 caelorum

384 662 596 693 manere
622 646 931 694 desiderans.

457 729 557 790 Qui
584 746 703 777 cum
723 729 1116 792 ingrauescente
1139 729 1369 792 praefata
1395 728 1705 792 egritudine,
1731 726 1872 774 diem
1894 723 1996 773 sibi

387 815 572 860 mortis
609 812 872 860 inminere
907 813 1169 874 sensisset,
1204 813 1391 861 timere
1429 812 1598 874 coepit
1633 811 1793 858 homo
1830 806 1997 857 animi

388 896 587 959 regaliS,
630 913 696 944 ne
732 896 795 944 ad
841 899 1067 944 mortem
1105 897 1326 944 ueniens
1366 898 1513 944 tanto
1550 895 1785 943 adfectus
1823 893 1997 941 dolore

388 979 585 1042 aliquid
619 978 899 1041 indignum
931 996 1051 1027 suae
1088 996 1339 1041 personae
1376 979 1463 1027 uel
1493 995 1579 1026 ore
1607 978 1874 1040 proferret,
1909 975 1997 1023 uel

390 1064 615 1112 aliorum
652 1065 802 1110 motu
846 1065 1047 1124 gereret
1084 1064 1461 1111 membrorum.
1540 1062 1697 1110 Unde
1733 1061 1895 1108 accito
1933 1059 1997 1107 ad

391 1163 444 1193 se
468 1146 700 1208 praefato
721 1147 737 1172 2
771 1147 916 1194 urbis
948 1147 1267 1207 Lundoniae,
1299 1147 1356 1193 in
1391 1162 1492 1208 qua
1526 1148 1653 1193 tunc
1684 1145 1795 1207 ipse
1826 1160 1999 1191 mane-

389 1230 490 1291 bat,
535 1230 788 1292 episcopo,
831 1231 1048 1293 rogauit,
1092 1248 1159 1278 ne
1194 1230 1373 1292 plures
1410 1231 1502 1277 eo3
1539 1229 1799 1278 moriente
1836 1245 1997 1291 quam

390 1313 501 1375 ipse
544 1313 815 1375 episcopus
858 1316 908 1361 et
950 1314 1052 1362 duo
1101 1313 1182 1361 sui
1231 1313 1465 1361 ministri
1513 1314 1766 1361 adessent.
1846 1311 1996 1373 Quod

394 1397 521 1444 dum
541 1397 555 1419 4
582 1396 854 1459 episcopus
883 1397 1234 1445 libentissime
1265 1413 1318 1445 se
1352 1397 1614 1445 facturum
1643 1396 1991 1459 promitteret,

394 1497 502 1528 non
542 1480 712 1528 multo
751 1483 869 1542 post
910 1481 1053 1528 idem
1096 1480 1178 1528 uir
1216 1481 1328 1541 Dei,
1375 1482 1502 1529 dum
1541 1480 1778 1528 membra
1825 1477 2000 1542 sopori

397 1564 638 1625 dedisset,
682 1564 816 1612 uidit
856 1564 1116 1612 uisionem
1157 1563 1569 1624 consolatoriam,
1614 1580 1746 1627 quae
1786 1579 2001 1611 omnem

397 1647 443 1696 ei
492 1647 811 1695 anxietatem
860 1650 1179 1696 memoratae
1223 1647 1595 1695 sollicitudinis
1642 1647 1880 1707 auferret,
1929 1646 2003 1694 in-

396 1748 551 1794 super
611 1734 674 1792 et,
729 1748 830 1794 qua
889 1732 972 1779 die
1020 1734 1154 1780 esset
1202 1732 1337 1780 hanc
1385 1732 1552 1780 uitam
1600 1732 1997 1791 terminaturus,

398 1816 705 1863 ostenderet.
783 1815 935 1864 Uidit
961 1815 1116 1876 enim,
1142 1818 1201 1864 ut
1226 1818 1344 1878 post
1370 1816 1480 1878 ipse
1505 1815 1774 1877 referebat,
1806 1817 1914 1863 tres
1937 1815 2003 1862 ad

398 1915 451 1946 se
488 1899 697 1946 uenisse
734 1898 874 1947 uiros
911 1899 1048 1947 claro
1085 1899 1300 1948 indutos
1337 1900 1556 1962 habitu;
1601 1917 1825 1963 quorum
1863 1914 2003 1947 unus

398 1982 631 2030 residens
655 1985 776 2030 ante
808 1982 1063 2031 lectulum
1099 1984 1223 2044 eius,
1280 1984 1541 2032 stantibus
1566 1985 1663 2044 his,
1697 1984 1788 2046 qui
1824 1999 2004 2032 secum

398 2066 720 2113 aduenerant
737 2066 766 2127 ⁵,
790 2066 1082 2127 comitibus,
1100 2069 1151 2115 et
1170 2067 1616 2130 interrogantibus
1634 2068 1697 2115 de
1713 2069 1854 2116 statu
1872 2066 1997 2128 eius,

399 2166 556 2211 quem
576 2149 916 2211 languentem
935 2149 1149 2198 uisitare
1166 2154 1421 2199 uenerant
1438 2152 1467 2212 ⁶,
1494 2151 1638 2212 dixit,
1672 2151 1810 2214 quod
1827 2150 2006 2199 anima

400 2231 523 2291 eius,
556 2234 607 2279 et
633 2232 746 2279 sine
771 2232 880 2280 ullo
907 2233 1096 2294 dolore,
1129 2236 1181 2281 et
1207 2250 1327 2282 cum
1353 2251 1544 2297 magno
1570 2235 1702 2282 lucis
1728 2234 2006 2297 splendore

400 2317 535 2363 esset
585 2332 853 2378 egressura
908 2317 971 2365 de
1021 2334 1263 2379 corpore;
1301 2318 1391 2365 sed
1442 2319 1494 2365 et
1541 2318 1760 2366 tertium
1816 2318 2004 2367 exinde

400 2397 554 2459 diem,
611 2416 712 2461 quo
774 2402 908 2448 esset
969 2401 1269 2462 moriturus,
1335 2400 1641 2450 insinuauit.
1721 2401 1870 2462 Quod
1932 2402 2006 2450 ita

402 2484 699 2544 utrumque,
733 2484 792 2530 ut
818 2499 879 2530 ex
911 2483 1112 2531 uisione
1139 2483 1333 2544 didicit,
1366 2484 1670 2546 conpletum
1697 2486 1787 2534 est.
1865 2485 2005 2533 Nam

402 2564 485 2613 die
527 2565 717 2612 dehinc
760 2566 930 2626 tertio,
979 2566 1218 2628 conpleta
1260 2567 1387 2615 hora
1435 2572 1587 2629 nona,
1643 2567 1817 2616 subito
1857 2567 2005 2631 quasi

400 2648 588 2696 leuiter
649 2648 996 2710 obdormiens,
1050 2649 1165 2698 sine
1213 2649 1322 2698 ullo
1373 2667 1530 2698 sensu
1579 2651 1775 2700 doloris
1828 2651 2005 2701 emisit

403 2733 662 2796 spiritum.

474 2817 633 2867 Cuius
660 2818 859 2880 corpori
884 2816 1198 2865 tumulando
1225 2820 1654 2879 praeparauerant
1679 2817 2006 2881 sarcofagum

403 2899 700 2962 lapideum;
744 2901 833 2949 sed
871 2917 992 2949 cum
1029 2900 1151 2948 huic
1187 2916 1375 2963 corpus
1410 2901 1660 2964 inponere
1697 2901 2001 2964 coepissent,

455 3037 473 3092 *¹
502 3052 659 3078 ercun-
681 3040 712 3079 C
735 3053 744 3089 ;
774 3040 959 3078 erchon·
979 3040 1034 3079 N.
1236 3038 1250 3060 ²
1280 3041 1370 3078 -tae
1392 3039 1436 3089 C,
1461 3043 1640 3088 omitting]
1660 3040 1906 3079 lundoniae
1929 3070 1939 3080 .
1964 3070 1973 3080 .
1997 3070 2008 3080 .

405 3106 645 3154 manebat3
675 3118 715 3144 so
736 3104 820 3157 01¹.
843 3105 908 3153 03.
931 3106 986 3145 D.
1007 3105 1080 3145 810.
1184 3105 1200 3127 ³
1230 3117 1334 3144 eum
1356 3105 1424 3145 B¹.
1519 3104 1532 3126 '¹
1563 3118 1665 3144 cum
1690 3104 1737 3146 C.
1833 3106 1848 3128 ⁵
1875 3118 2007 3145 uene-

407 3173 511 3210 rant
533 3171 577 3210 G.
692 3169 707 3191 ⁵
736 3172 977 3211 comitibus
1001 3203 1010 3212 .
1033 3202 1043 3212 .
1065 3203 1075 3213 .
1096 3173 1333 3220 uenerant,
1353 3175 1480 3211 added
1499 3184 1548 3211 on
1567 3175 1676 3211 lower
1695 3174 1855 3221 maryin
1875 3171 1935 3212 M.
