2175 3439
824 525 1285 586 APPENDIX
1332 526 1399 586 Π

580 711 676 763 ΤΟ
724 710 1333 773 INTRODUCTION‚
1383 711 1577 762 PART
1617 711 1659 763 Ι.

825 871 906 918 ΒΕ
944 871 1116 919 OBITU
1154 871 1392 918 BAEDAE.

337 992 714 1039 DILECTISSIMO
741 989 796 1037 in
818 989 1026 1038 Christo
1052 989 1314 1037 collectori
1334 988 1615 1038 CuthWino
1637 988 1960 1037 Cuthbertus

269 1074 653 1136 condiscipulus
677 1074 733 1121 in
761 1074 871 1121 Deo
896 1075 1163 1121 aeternam
1190 1073 1426 1121 salutem.

338 1158 716 1206 Munusculum
759 1157 896 1219 quod
939 1156 1137 1204 misisti
1185 1157 1418 1205 multum
1467 1156 1693 1204 libenter
1739 1154 1955 1218 accepis,

268 1243 602 1304 multumque
650 1243 916 1303 gratanter
963 1241 1167 1290 litteras
1216 1243 1336 1289 tuae
1385 1242 1604 1289 deuotae
1654 1240 1964 1288 eruditionis

269 1325 385 1388 legi,
423 1326 480 1373 in
515 1326 719 1388 quibUS,
752 1326 889 1387 quod
924 1325 1154 1373 maxime
1188 1325 1556 1385 desiderabam,
1597 1325 1787 1373 missas
1819 1325 1962 1373 uide-

269 1409 391 1457 licet
427 1411 478 1456 et
515 1409 779 1456 oraciones
821 1410 1170 1457 sacrosanctas
1207 1426 1303 1470 pro
1343 1410 1452 1457 Deo
1492 1409 1681 1457 dilecto
1720 1411 1865 1471 patre
1907 1426 1962 1456 ac

269 1493 520 1555 magistro
540 1493 717 1540 Baeda
741 1509 770 1540 a
790 1492 940 1540 uobis
960 1492 1241 1555 diligenter
1261 1492 1508 1540 celebrari
1529 1493 1747 1555 repperi.
1809 1493 1965 1542 Unde

271 1577 491 1624 delectat
528 1576 696 1639 magis
736 1593 831 1639 pro
870 1576 983 1624 eius
1027 1576 1252 1637 caritate,
1297 1594 1457 1639 quam
1497 1577 1662 1625 fretus
1700 1576 1912 1639 ingenio
1929 1577 1959 1624 ².

270 1659 447 1722 paucis
478 1659 807 1708 sermonibus
831 1659 1011 1722 dicere,
1045 1677 1148 1722 quo
1174 1660 1356 1708 ordine
1382 1661 1630 1723 migraret
1646 1662 1662 1686 3
1688 1678 1717 1708 a
1742 1660 1960 1719 saeculo,

273 1760 392 1790 cum
436 1743 594 1791 etiam
641 1743 739 1791 hoc
785 1746 837 1791 te
880 1744 1198 1792 desiderasse
1241 1746 1292 1791 et
1338 1743 1665 1806 poposcisse4
1709 1743 1962 1791 intellexi.

275 1825 536 1874 Grauatus
569 1829 648 1875 est
682 1827 930 1889 quidem5
954 1827 1262 1875 infirmitate
1295 1829 1347 1874 et
1381 1827 1642 1875 maximeG
1669 1826 1968 1874 creberrimi

272 1909 549 1970 anhelituS,
583 1911 672 1958 sed
698 1913 879 1958 tamen
904 1927 1037 1973 pene
1071 1911 1186 1959 sine
1218 1910 1393 1973 aliquo
1428 1911 1604 1958 dolore
1621 1911 1652 1972 Τ,
1683 1913 1804 1958 ante
1829 1910 1969 1958 diem

273 1994 484 2040 autem8
509 1994 907 2042 resurrectionis
938 1994 1214 2055 dominice,
1246 1994 1299 2042 id
1334 1996 1410 2042 est
1443 1994 1551 2042 fere
1587 1994 1789 2042 duabus
1823 1994 1970 2042 ebdo-

274 2076 515 2124 madibus
537 2095 547 2137 ;
587 2078 639 2124 et
664 2077 736 2125 sic
761 2078 941 2140 postea
966 2077 1104 2125 letus
1131 2079 1182 2125 et
1207 2078 1453 2139 gaudens,
1486 2078 1786 2140 graciasque
1812 2094 1971 2140 agens

275 2159 626 2222 omnipotenti
653 2161 762 2208 Deo
788 2160 935 2208 omni
961 2160 1042 2208 die
1077 2162 1128 2208 et
1161 2162 1327 2221 nocte,
1358 2160 1524 2208 immo
1549 2161 1692 2208 horis
1724 2161 1971 2209 omnibus

275 2260 438 2305 usque
480 2244 545 2291 ad
586 2243 727 2292 diem
765 2244 1106 2293 Ascensionis
1148 2245 1454 2306 dominicae,
1501 2245 1555 2293 id
1600 2248 1678 2293 est
1716 2245 1841 2293 VH.
1886 2246 1963 2294 Id.

276 2327 413 2374 Mai⁹
442 2327 608 2375 uitam
639 2328 873 2389 ducebat,
905 2330 957 2376 et
990 2328 1142 2375 nobis
1176 2329 1284 2376 suis
1319 2328 1591 2391 discipulis
1624 2329 1839 2377 cottidie
1871 2329 1969 2376 lec-

276 2410 449 2457 ciones
466 2411 635 2472 dabat,
659 2413 710 2459 et
730 2411 984 2473 quidquid
1002 2411 1263 2473 reliquum
1278 2412 1379 2460 fuit
1398 2411 1431 2436 ¹⁰
1449 2412 1551 2460 diei
1571 2412 1628 2459 in
1647 2413 1969 2475 psalmorum

277 2495 445 2554 cantu,
475 2496 632 2556 prout
663 2494 848 2556 potuit,
881 2511 936 2542 se
954 2492 985 2517 Π
1014 2495 1296 2556 occupabat
1318 2514 1329 2556 ;
1365 2497 1534 2544 totam
1559 2513 1683 2543 uero
1701 2494 1734 2520 ¹²
1759 2498 1969 2544 noctem

277 2576 412 2624 letus
454 2577 509 2624 in
550 2577 878 2626 oracionibus
894 2577 927 2603 ¹3
966 2580 1018 2626 et
1057 2578 1350 2640 graciarum
1388 2579 1596 2626 accione
1634 2580 1745 2627 Deo
1788 2579 1972 2626 ducere

277 2660 520 2708 studebat
535 2658 571 2684 ¹4
619 2661 723 2709 nisi
771 2663 982 2709 tantum
999 2660 1034 2685 ¹5
1083 2662 1321 2710 modicus
1381 2678 1599 2709 somnus
1659 2661 1970 2724 impediret:

333 2783 345 2805 ¹
375 2785 549 2835 suscepi
569 2785 668 2825 edd.
803 2784 818 2806 ²
847 2788 1070 2836 quantum
1092 2786 1217 2825 fruor
1238 2787 1327 2836 ing.
1352 2787 1450 2825 edd.
1587 2785 1601 2807 3
1630 2787 1848 2836 migrauit
1868 2788 1968 2827 edd.

277 2848 290 2870 ⁴
322 2863 500 2900 poscere
522 2851 621 2891 edd.
840 2851 855 2874 ⁵
885 2852 1071 2902 quidem
1090 2854 1156 2891 est
1176 2852 1277 2892 edd.
1496 2851 1511 2873 ‘³
1541 2852 1625 2891 inf.
1648 2854 1848 2892 maxima
1869 2854 1968 2892 edd.

277 2913 291 2935 ⁷
323 2916 431 2955 anh.
454 2917 550 2954 sine
573 2917 723 2955 dolore
743 2919 897 2956 tamen
918 2918 1017 2957 edd.
1162 2916 1176 2938 3
1205 2920 1358 2956 autem
1379 2930 1451 2957 om.
1477 2918 1579 2957 odd.
1710 2918 1725 2939 9
1756 2919 1846 2956 VII
1868 2919 1967 2957 Kal.

279 2982 407 3020 Iunii
427 2982 528 3021 edd.
630 2982 660 3005 ¹⁰
688 2985 783 3022 erat
805 2984 906 3023 edd.
1009 2983 1038 3005 ¹¹
1070 2986 1203 3034 prout
1223 2985 1382 3035 potuit,
1409 2997 1453 3022 se
1476 2997 1547 3024 om.
1566 2985 1668 3024 edd.
1769 2982 1800 3005 ¹²
1828 2986 1970 3023 totam

280 3059 454 3096 quoque
475 3047 578 3086 edd.
730 3048 758 3070 ¹³
789 3050 838 3087 in
861 3049 1038 3088 laetitia
1058 3049 1161 3088 edd.
1314 3048 1342 3070 ¹⁴
1373 3050 1547 3088 actione
1567 3050 1761 3100 peruigil
1783 3050 1971 3088 ducebat

280 3111 379 3152 edd.
495 3111 525 3134 ¹⁵
555 3116 779 3162 quantum
802 3115 905 3154 edd.
