2240 3444
66 2710 89 2745 f.
118 2721 148 2743 11
173 2720 205 2746 a.

219 141 329 208 'Can
359 163 472 215 xxx]
735 157 926 211 Gentis
964 160 1056 211 An
1065 160 1306 227 [florum.
1748 163 1813 212 31

234 304 434 362 insulae,
474 306 657 352 iubente
687 305 867 353 eodem
901 322 1033 368 rege,
1064 305 1235 353 locum
1269 305 1527 366 manendi,
1567 308 1706 366 quasi
1727 322 1819 367 pro

224 389 394 445 patria
433 391 734 448 puynatnra,
789 404 843 434 re
890 390 1065 435 autem
1115 404 1237 435 uera
1283 388 1416 435 hanc
1465 393 1814 449 expussmlnra,

232 469 489 530 suscipiff.
567 470 708 517 Inito
743 488 861 533 ergo
896 471 1178 519 certamine
1203 488 1320 519 cum
1346 471 1596 531 hostibus,
1636 475 1724 533 qui
1757 471 1819 518 ab

230 551 472 612 aquilone
542 554 603 600 ad
675 553 836 601 aciem
906 556 1171 615 uenerant,
1249 554 1520 601 uictoriam
1593 570 1823 601 sumsere

232 633 471 683 Saxones.
551 635 696 695 Quod
741 635 829 683 ubi
877 637 1019 683 domi
1069 636 1368 684 nuntiatum
1418 639 1508 696 est,
1566 636 1722 683 simul
1772 638 1821 682 et

229 715 426 763 insulae
474 718 725 777 fertilitas,
779 735 835 765 ac
894 719 1114 781 segnitia
1173 719 1520 779 Brettonum3
1591 718 1824 766 mittitur

231 800 506 847 confestim
577 800 667 847 illo
728 800 905 848 classis
956 803 1206 862 prolixior,
1273 803 1591 849 armatorum
1650 801 1821 848 ferens

229 898 445 929 manum
485 882 766 945 fortiorem,
812 901 940 945 quae
977 886 1284 946 praemissae
1332 884 1573 932 adiuncta
1622 883 1821 931 cohorti

229 961 592 1009 inuincibilem
634 962 753 1010 fecit
792 964 1089 1011 exercitum.
1166 963 1513 1025 Susceperunt
1552 980 1684 1025 ergo,
1733 962 1822 1024 qui

230 1044 547 1092 aduenerant
563 1044 593 1104 ²,
630 1045 945 1093 donantibus
975 1045 1245 1105 Brittanis,
1276 1046 1449 1093 locum
1482 1045 1822 1093 habitationis

229 1125 368 1173 inter
415 1143 514 1187 eos,
569 1143 625 1175 ea
674 1127 986 1188 condicione,
1032 1129 1090 1175 ut
1139 1128 1195 1174 hi
1242 1145 1334 1190 pro
1376 1128 1570 1190 patriae
1607 1144 1728 1189 pace
1771 1129 1821 1174 et

231 1209 398 1256 salute
435 1211 612 1257 contra
653 1210 974 1257 aduersarios
1009 1210 1312 1271 militarent,
1356 1210 1436 1257 illi
1472 1210 1822 1258 militantibus

232 1291 403 1339 debita
430 1292 687 1353 stipendia.
713 1293 1017 1341 conferrent.

299 1375 639 1422 Aduenerant
664 1378 839 1422 autem
873 1375 935 1423 de
959 1375 1127 1423 tribus
1161 1376 1467 1423 Germaniae
1499 1375 1704 1438 populis
1729 1375 1823 1423 for-

232 1457 462 1518 tioribus,
487 1457 537 1505 id
561 1460 638 1505 est
665 1458 968 1519 Saxonibus,
990 1458 1192 1521 Anglis,
1225 1458 1373 1508 Iutis,
1451 1460 1529 1508 De
1554 1459 1791 1506 Iutarum
1809 1457 1823 1481 3

234 1540 431 1602 origine
456 1543 579 1588 sunt
605 1541 869 1590 Cantuarii
887 1542 903 1565 4
939 1543 990 1589 et
1024 1541 1279 1590 Uictuarii
1297 1543 1326 1603 ⁴,
1358 1542 1456 1590 hoc
1486 1545 1564 1590 est
1597 1558 1654 1589 ea
1678 1557 1818 1603 gens,

236 1640 364 1685 quae
390 1624 609 1671 Uectam
634 1626 778 1671 tenet
804 1624 1044 1684 insulam,
1071 1626 1122 1672 01
1147 1641 1216 1685 00,
1243 1641 1371 1686 quae
1403 1642 1566 1687 usque
1590 1624 1744 1672 hodie
1769 1624 1824 1670 in

234 1705 501 1768 prouincia
563 1706 975 1754 Occidentalium
1036 1707 1302 1756 Saxonum
1374 1708 1613 1756 Iutarum
1685 1707 1827 1755 natio

236 1790 553 1849 nominatur,
584 1790 752 1850 posita
788 1791 964 1837 contra
988 1790 1155 1851 ipsam
1184 1790 1412 1838 insulam
1438 1791 1671 1839 Uectam.
1750 1790 1827 1837 De

237 1872 540 1932 Saxonibus,
573 1871 625 1919 id
663 1874 740 1920 est
766 1888 823 1920 ea
854 1872 1076 1934 regione,
1109 1889 1237 1934 quae
1273 1890 1412 1921 nunc
1436 1873 1826 1935 Antiquorum5

237 1955 501 2002 Saxonum
550 1954 958 2017 cognominatur,
1007 1972 1194 2003 uenere
1244 1956 1532 2004 Orientales
1582 1957 1820 2015 Saxones,

236 2036 509 2085 Meridiani
534 2037 771 2094 Saxones,
799 2037 1009 2085 Occidui
1030 2038 1272 2087 Saxones.
1348 2040 1512 2087 Porro
1532 2040 1594 2087 cle
1618 2039 1820 2101 Anglis,

236 2119 334 2167 hoc
371 2122 448 2167 est
484 2120 546 2167 de
582 2120 672 2166 illa
709 2122 885 2181 patria,
919 2137 1046 2182 quae
1075 2121 1322 2184 Angulus
1355 2122 1555 2179 dicitur,
1584 2124 1635 2169 et
1668 2122 1730 2169 ab
1768 2138 1826 2169 eo

236 2205 472 2265 tempore
498 2219 661 2265 usque
693 2203 846 2251 hodie
875 2220 1083 2251 manere
1117 2205 1348 2252 desertus
1372 2205 1511 2252 inter
1535 2204 1827 2266 prouincias

238 2284 480 2332 Iutarum
529 2288 581 2333 et
630 2285 896 2332 Saxonum
938 2285 1254 2347 perhibetur,
1303 2287 1594 2335 Orientales
1644 2287 1820 2349 Angli,

238 2367 608 2416 Mediterranei
654 2367 830 2430 Angli,
887 2368 1057 2429 Merci,
1112 2371 1221 2417 tota.
1270 2369 1827 2432 Nordanhymbrorum

238 2451 522 2513 progenies,
560 2451 613 2498 id
665 2452 743 2498 est
785 2451 994 2499 illarum
1036 2452 1287 2513 gentium,
1334 2469 1465 2514 quae
1503 2453 1565 2500 ad
1608 2454 1827 2501 Boream

239 2533 506 2581 Η11111111·16
564 2518 802 2580 fluminis
850 2533 1161 2595 inhabitant,
1217 2535 1475 2596 ceterique
1533 2535 1828 2598 Anglorum

238 2614 416 2677 populi
464 2616 587 2662 sunt
636 2614 748 2663 orti.
827 2615 995 2663 Duces
1042 2615 1200 2663 fuisse
1259 2617 1598 2678 perhibentur
1649 2635 1827 2665 eorum

238 2697 395 2759 primi
450 2698 551 2745 duo
598 2697 782 2745 fratres
841 2697 1100 2760 Hengist⁷
1151 2701 1201 2747 et
1258 2699 1429 2746 Horsa
1451 2718 1461 2759 ;
1530 2697 1593 2763 le
1642 2699 1828 2761 quibus

240 2779 411 2827 Horsa
443 2782 617 2841 postea
648 2779 844 2827 occisus
882 2780 937 2828 in
970 2781 1107 2828 bello
1131 2798 1160 2828 a
1195 2782 1545 2842 Brettonibus,
1577 2783 1828 2829 hactenus

239 2860 296 2908 in
336 2860 670 2909 orientalibus
709 2862 920 2910 Cantiae
958 2863 1194 2924 partibus
1229 2866 1635 2911 monumentum
1674 2863 1828 2910 habet

242 2956 335 2987 suo
383 2940 594 2988 nomine
641 2941 858 3004 insigne.
949 2943 1114 2990 Erant
1162 2944 1336 2990 autem
1391 2942 1486 2989 filii
1536 2941 1823 3003 Uictgilsi⁸,

298 3090 309 3111 ¹
344 3093 538 3141 suscepit
561 3092 604 3131 C.
628 3093 679 3132 N.
706 3092 778 3132 ΒΞ.
801 3094 876 3142 HL.
1016 3093 1030 3115 ²
1062 3098 1188 3132 -runt
1212 3095 1255 3133 C.
1275 3093 1348 3133 M¹.
1512 3093 1527 3115 3
1560 3094 1752 3131 iotarum
1775 3094 1825 3132 N.

244 3157 256 3179 ⁴
286 3159 342 3195 -ri
365 3157 408 3196 M
429 3171 438 3205 ς
469 3159 671 3196 0011111011
691 3160 730 3197 N
750 3173 759 3207 ;
789 3161 1009 3198 uectuarii
1032 3160 1096 3198 13¹.
1488 3158 1503 3182 ⁵
1530 3159 1756 3208 -quiorum
1779 3159 1829 3197 N.

245 3224 258 3246 ⁶
287 3224 469 3273 hymbri
491 3223 543 3261 N¹
566 3236 576 3272 ;
606 3224 757 3262 umbri
777 3223 846 3264 N2.
997 3223 1010 3245 ⁷
1041 3225 1247 3275 heangist
1262 3224 1308 3264 C.
1440 3223 1454 3245 Β
1482 3224 1680 3274 uictgisli
1697 3225 1741 3264 C,
1757 3225 1809 3264 B.

1854 1391 2022 1428 Saxons,

1853 1440 2018 1484 Angles,

1854 1491 1876 1525 J
1883 1492 1984 1525 utes.
