2175 3439
364 789 843 849 HISTORIAE
914 788 1648 851 ECCLESIASTICAE

173 978 418 1014 ΡκΑΕΡΑΤιοῐ
450 990 502 1013 An
529 990 665 1015 REGEM
695 979 969 1015 Cnonuunrum

710 1096 1008 1134 CAPITULA
1039 1096 1205 1134 LIBRI
1237 1094 1302 1134 1'2.

168 1187 248 1210 (ἌΡ.

169 1235 200 1268 Ι.
232 1235 291 1270 De
310 1234 393 1270 situ
412 1233 649 1269 Brittaniae
667 1235 735 1269 uel
755 1233 993 1278 Hiberniae,
1015 1237 1056 1269 et
1075 1233 1220 1278 priscis
1239 1245 1383 1269 earum
1401 1233 1549 1269 incolis

171 1298 223 1332 11.
255 1298 312 1333 Ut
330 1298 586 1333 Brittaniam
604 1299 764 1342 primus
784 1300 1069 1333 Romanorum
1089 1298 1218 1333 Graius
1237 1298 1371 1333 Iulius
1389 1297 1542 1333 adierit

168 1361 246 1396 III.
278 1362 335 1397 Ut
366 1363 542 1398 eandem
574 1363 782 1398 secundus
819 1364 1104 1397 Romanorum
1140 1362 1339 1398 Claudius
1372 1362 1529 1405 adiens,
1561 1361 1740 1397 Orcadas

316 1411 443 1447 etiam
467 1412 627 1448 insulas
646 1414 832 1447 Romano
856 1412 1056 1448 adiecerit
1081 1412 1275 1456 imperio;
1307 1413 1378 1446 sed
1405 1414 1446 1447 et
1465 1411 1740 1455 Uespasianus

315 1462 366 1496 ab
385 1473 431 1497 eo
448 1462 599 1497 missus
617 1463 792 1498 Uectam
811 1473 971 1506 quoque
989 1462 1174 1496 insulam
1192 1461 1392 1496 Romanis
1409 1461 1641 1496 subdiderit

166 1525 185 1558 1
193 1525 235 1559 V.
267 1525 323 1560 Ut
337 1525 491 1561 Lucius
505 1526 798 1561 Brittanorum
810 1537 892 1571 rex,
909 1525 1047 1561 missis
1059 1527 1113 1560 ad
1125 1525 1399 1561 Eleutherum
1411 1535 1561 1569 papam
1574 1525 1736 1569 litteris,

314 1575 601 1611 Christianum
617 1586 660 1612 se
678 1576 768 1611 fieri
787 1575 955 1620 petierit

167 1639 212 1672 V.
243 1639 299 1673 Ut
317 1639 493 1674 Seuerus
511 1642 722 1684 receptam
743 1639 979 1675 Brittaniae
997 1641 1160 1683 partem
1179 1639 1290 1673 uallo
1308 1649 1333 1673 a
1348 1640 1484 1673 cetera
1498 1638 1737 1673 distinxerit

168 1702 234 1736 VI.
265 1703 325 1738 De
343 1702 516 1747 imperio
535 1703 796 1748 Diocletiani,
817 1706 859 1739 et
877 1706 925 1739 ut
945 1703 1205 1739 Christianos
1223 1705 1464 1746 persecutus
1481 1701 1536 1737 sit

167 1766 256 1800 VII.
288 1765 428 1801 Passio
445 1767 583 1802 sancti
601 1767 756 1802 Albani
778 1769 819 1802 et
842 1767 1047 1803 sociorum
1072 1766 1172 1810 eius,
1193 1766 1264 1809 qui
1291 1767 1433 1800 eodem
1455 1768 1640 1809 tempore
1664 1776 1737 1809 pro

312 1816 490 1851 Domino
508 1817 758 1861 sanguinem
777 1817 980 1852 fuderunt

166 1881 278 1915 VIII.
310 1881 379 1925 Ut,
400 1880 478 1916 hac
502 1883 689 1916 cessante
714 1880 1013 1925 persecutione,
1034 1879 1207 1915 ecclesia
1236 1878 1281 1913 in
1301 1878 1525 1913 Brittaniis
1550 1878 1737 1922 aliquan-

311 1930 457 1975 tulam,
477 1941 607 1975 usque
625 1931 679 1965 ad
696 1932 885 1974 tempora
902 1929 1105 1965 Arrianae
1122 1928 1328 1973 uesaniae,
1349 1939 1493 1972 pacem
1510 1928 1703 1963 habuerit
1729 1955 1738 1963 .

163 1994 234 2029 IX.
265 1994 334 2039 Ut,
347 1996 552 2038 regnante
567 1993 785 2039 Gratiano,
804 1993 1011 2029 Maximus
1028 1993 1074 2027 in
1088 1992 1301 2027 Brittania
1314 1991 1541 2036 imperator
1559 1994 1733 2036 creatus,

310 2055 407 2079 cum
425 2055 577 2087 magno
595 2044 781 2079 exercitu
800 2044 983 2079 Galliam
1001 2042 1175 2079 redierit

163 2108 210 2142 X.
242 2108 310 2151 Ut,
326 2106 505 2142 Arcadio
518 2110 733 2153 regnante,
750 2107 942 2152 Pelagius
957 2108 1102 2142 Bretto
1115 2108 1261 2142 contra
1278 2105 1457 2149 gratiam
1471 2105 1548 2141 Dei
1562 2106 1736 2150 superba

308 2157 418 2192 bella
434 2157 661 2201 susceperit
697 2184 705 2192 .

163 2221 232 2255 XI.
263 2221 331 2265 Ut,
357 2223 560 2265 regnante
589 2221 785 2266 Honorio,
807 2221 1038 2256 Gratianus
1060 2223 1102 2255 et
1124 2219 1426 2256 Constantinus
1452 2219 1496 2253 in
1524 2219 1737 2254 Brittania

308 2270 485 2314 tyranni
503 2271 633 2306 creati
649 2284 657 2316 ;
684 2274 726 2307 et
744 2282 840 2306 mox
857 2271 971 2315 prior
996 2270 1041 2305 in
1060 2269 1284 2314 Brittania,
1306 2269 1513 2305 secundus
1530 2269 1575 2303 in
1595 2268 1734 2304 Gallia

307 2320 395 2355 sint
412 2320 628 2356 interemti
689 2347 699 2356 .
918 2347 927 2356 .

161 2384 255 2418 XII.
285 2384 343 2418 Ut
369 2384 588 2419 Brettones
615 2395 640 2419 a
665 2383 817 2420 Scottis
845 2383 1001 2419 uastati
1028 2382 1247 2426 Pictisque,
1268 2383 1547 2417 Romanorum
1575 2381 1735 2416 auxilia

308 2433 576 2478 quaesierint,
614 2433 686 2477 qui
727 2435 908 2469 secundo
941 2433 1158 2468 uenientes
1192 2443 1362 2466 murum
1395 2434 1513 2466 trans
1549 2431 1731 2465 insulam

307 2483 505 2527 fecerint;
532 2484 603 2518 sed
634 2484 712 2519 hoc
742 2483 962 2519 confestim
993 2494 1019 2518 a
1045 2482 1244 2527 praefatis
1273 2481 1459 2516 hostibus
1483 2481 1728 2524 interrupto,

306 2532 461 2568 maiore
479 2532 565 2568 sint
583 2533 822 2569 calamitate
840 2532 1024 2577 depressi

160 2597 275 2632 XIII.
307 2597 374 2641 Ut,
402 2600 603 2642 regnante
628 2597 853 2633 Theodosio
876 2597 1048 2641 minore,
1079 2596 1198 2632 cuius
1227 2598 1411 2639 tempore
1441 2594 1650 2629 Palladius
1676 2594 1729 2628 ad

306 2647 469 2682 Scottos
486 2647 532 2681 in
552 2647 765 2682 Christum
792 2648 1007 2682 credentes
1032 2646 1182 2681 missus
1204 2648 1276 2690 est,
1298 2646 1515 2680 Brettones
1541 2645 1592 2679 ab
1611 2643 1729 2679 Aetio

306 2697 474 2732 consule
492 2697 700 2732 auxilium
717 2697 957 2742 flagitantes
975 2708 1060 2731 non
1079 2695 1386 2739 inpetrauerint

161 2760 268 2794 XIV.
299 2760 356 2796 Ut
391 2761 612 2796 Brettones
654 2762 767 2797 fame
801 2761 962 2796 famosa
995 2759 1141 2803 coacti,
1177 2759 1372 2793 barbaros
1406 2757 1490 2793 suis
1525 2768 1546 2791 e
1578 2755 1729 2791 finibus

305 2811 562 2855 pepulerint3
590 2822 667 2846 nec
690 2822 817 2856 mora,
844 2811 1013 2854 frugum
1044 2809 1172 2853 copia,
1200 2807 1378 2850 luxuria,
1411 2806 1658 2851 pestilentia,
1686 2808 1728 2840 et

304 2860 603 2896 exterminium
622 2861 759 2906 gentis
776 2863 968 2897 secutum
986 2859 1041 2895 sit

1722 2330 1827 2361 ,24

1722 2695 1826 2726 .2b'

1720 2882 1729 2889 .
1783 2867 1825 2895 ει)

200 2965 209 2986 1
236 2964 277 2994 In
296 2965 441 2996 nomine
466 2964 616 2997 Sanctae
632 2965 832 3005 Trinitatis,
851 2965 969 2996 Patris
984 2963 1123 2995 scilicet
1138 2966 1174 2993 et
1191 2962 1271 2993 Filii
1291 2964 1328 2992 et
1348 2961 1506 3001 Spiritus
1530 2960 1663 2997 Sancti,
1691 2959 1823 2999 Incipit,

158 3007 340 3037 Praefatio
354 3007 398 3039 N.
436 3008 487 3038 At
501 3007 563 3038 the
582 3008 653 3039 end
668 3008 707 3039 of
721 3008 883 3048 preface:
905 3007 1056 3047 explicit
1068 3005 1246 3045 praefatio
1264 3004 1445 3043 incipiunt
1460 3003 1629 3042 capitula,
1647 3002 1694 3034 M.
1709 3002 1739 3032 N

1743 3004 1824 3039 .C.;

157 3050 254 3079 after
270 3049 387 3080 which
410 3049 448 3082 C.
473 3050 585 3082 adds:
610 3051 697 3081 haec
719 3050 946 3081 continentia
961 3048 1040 3089 (sic)
1059 3049 1097 3082 in
1118 3047 1210 3078 libro
1233 3047 1350 3086 primo
1373 3045 1629 3076 ecclesiasticae
1652 3044 1823 3075 historiae

156 3091 275 3129 gentis
290 3092 493 3130 anglorum.

197 3132 213 3156 2
238 3133 306 3163 For
321 3133 384 3164 the
403 3134 546 3165 various
568 3134 734 3174 readings
756 3134 796 3166 of
817 3135 880 3166 the
903 3133 1076 3174 capitula,
1091 3141 1147 3162 see
1170 3132 1232 3162 the
1257 3130 1427 3170 heading-s
1451 3128 1489 3159 of
1512 3128 1573 3159 the
1597 3128 1761 3169 chapters
1784 3138 1822 3159 as

156 3175 262 3213 given
279 3175 318 3206 in
333 3175 395 3207 the
411 3179 502 3209 text.

934 3256 1042 3289 mz
