2240 3444
399 128 504 185 108
859 129 1120 184 Historia
1160 128 1550 183 Ecclesiastica
1805 138 1914 190 [Lm.
1938 143 1996 181 ΙΙ.

396 281 683 329 fidissimus
703 279 916 343 quidam
935 278 1134 327 amicus
1158 277 1302 326 illius
1328 276 1704 326 animaduertit
1721 276 1749 337 ¹,
1780 277 1999 327 intrauit

398 365 711 426 cubiculum,
748 381 851 427 quo
887 363 1114 412 dormire
1147 362 1470 424 disponebat,
1502 363 1612 409 erat
1651 360 1795 409 enim
1828 361 2000 423 prima

397 447 525 496 hora
561 447 744 508 noctis,
785 448 837 495 et
876 447 1151 494 euocatum
1182 444 1333 503 foras,
1374 444 1498 506 quid
1536 461 1655 507 erga
1691 461 1811 492 eum
1848 461 1999 507 agere

397 548 486 579 rex
522 530 859 594 promisisset,
892 528 1112 590 edocuit,
1149 530 1201 576 et
1237 527 1453 590 insuper
1495 527 1710 575 adiecit:
1755 527 1840 576 ‘Si
1877 544 1998 590 ergo

398 614 491 676 uis,
523 615 620 662 hac
645 614 757 677 ipsa
782 614 908 661 hora
932 612 1149 660 educam
1174 613 1226 659 te
1252 611 1314 659 de
1338 611 1435 658 hac
1463 610 1743 673 prouincia.
1776 612 1826 658 et
1851 627 1910 658 ea
1942 610 1999 658 in

397 698 506 746 loca
547 697 892 756 introducam,
936 694 1030 742 ubi
1066 711 1360 756 numquam
1402 696 1454 741 te
1492 694 1576 742 uel
1614 694 1865 756 Reduald,
1913 693 1998 741 uel

396 780 657 830 Aedilfrid
673 780 689 803 '²
714 778 957 828 inuenire
976 775 1217 826 ualeant'
1270 777 1371 838 Qui
1388 777 1461 826 ait
1483 796 1494 827 :
1527 778 1760 826 ‘Gratias
1786 777 1999 840 quidem

396 881 491 927 ago
516 862 915 912 beneuolentiae
939 864 1059 910 tuae
1081 880 1091 922 3
1130 878 1238 910 non
1263 863 1443 910 tamen
1467 861 1565 909 hoc
1584 861 1748 909 facere
1764 878 1993 923 possum,

396 948 534 1010 quod
567 946 815 1010 suggeris,
846 946 938 994 ut3
971 947 1196 1008 pactum,
1236 945 1373 1008 quod
1408 962 1528 993 cum
1553 946 1702 993 tanto
1739 962 1858 1007 rege
1883 944 1993 1006 inii,

396 1030 507 1093 ipse
549 1029 754 1092 primus
796 1029 1008 1077 irritum
1048 1028 1246 1087 faciam,
1295 1045 1415 1076 cum
1453 1028 1543 1076 ille
1582 1028 1716 1075 mihi
1759 1028 1836 1076 nil
1872 1028 2000 1076 mali

396 1114 587 1174 fecerit,
609 1113 686 1160 nil
711 1113 880 1160 adhuc
900 1111 1295 1160 inimicitiarum
1312 1111 1567 1160 intulerit.
1648 1111 1786 1173 Quin
1806 1111 1994 1174 potius,

398 1197 441 1244 si
488 1196 776 1245 moriturus
828 1213 962 1257 sum,
1023 1196 1112 1243 ille
1161 1213 1247 1244 me
1295 1196 1462 1258 magis
1512 1212 1669 1258 quam
1722 1195 2002 1258 ignobilior

396 1280 616 1344 quisque
641 1279 802 1328 morti
824 1280 1008 1328 tradat.
1087 1280 1200 1341 Quo
1226 1279 1369 1327 enim
1396 1296 1537 1327 nunc
1557 1279 1769 1341 fugiam,
1796 1279 1886 1341 qui
1910 1296 2001 1342 per

397 1380 580 1411 omnes
617 1363 907 1411 Brittaniae
937 1362 1235 1425 prouincias
1271 1364 1349 1411 tot
1386 1379 1646 1410 annorum
1685 1365 2000 1424 temporum·

397 1464 498 1510 que
523 1447 795 1495 curriculis
812 1447 1154 1509 uagabundus
1170 1448 1185 1470 ⁴
1202 1445 1439 1494 hostium
1455 1445 1688 1494 uitabam
1707 1445 1925 1494 insidias
1945 1447 1970 1494 ⁶?
1989 1446 1999 1465 ’

344 1507 365 1593 l
396 1531 642 1579 Abeunte
674 1530 836 1593 igitur
874 1530 1054 1591 amico,
1086 1530 1336 1578 remansit
1370 1529 1634 1578 Aeduini⁵
1674 1529 1814 1578 solus
1853 1529 1994 1590 foris,

353 1596 359 1619 ἶ

396 1614 733 1677 residensque
804 1616 1006 1662 mestus
1064 1615 1185 1662 ante
1243 1613 1510 1675 palatium,
1575 1613 1761 1661 multis
1833 1613 2002 1675 coepit

397 1697 774 1761 cogitationum
801 1697 1032 1745 aestibus
1063 1697 1209 1759 affici,
1241 1697 1364 1759 quid
1391 1699 1578 1760 ageret,
1611 1714 1779 1759 quoue
1814 1697 2000 1760 pedem

397 1783 636 1843 uerteret,
670 1780 890 1830 nescius·

467 1865 704 1927 Cumque
737 1864 827 1912 diu
864 1863 1035 1912 tacitis
1073 1864 1269 1912 mentis
1305 1863 1599 1926 angoribus,
1631 1866 1682 1912 et
1718 1881 1864 1913 caeco
1895 1880 2000 1912 car-

397 1950 608 2010 peretur
632 1947 757 2010 igni,
796 1947 932 1995 uidit
970 1946 1145 1995 subito
1181 1947 1500 2011 intempesta
1536 1950 1688 1996 nocte
1721 1947 1931 1995 silentio
1962 1944 1969 2012 Ι

397 2031 906 2093 adpropinquantem
955 2030 1057 2078 sibi
1114 2031 1386 2079 hominem
1447 2032 1630 2080 uultus
1688 2031 2001 2094 habitusque

397 2114 689 2176 incogniti3
738 2130 896 2176 quem
936 2113 1135 2175 uidens,
1180 2117 1239 2163 ut
1280 2115 1522 2178 ignotum
1559 2117 1611 2162 et
1647 2114 1995 2176 inopinatum,

397 2215 505 2247 non
530 2215 716 2260 parum
750 2197 972 2260 expauit.
1050 2198 1124 2245 At
1162 2198 1252 2246 ille
1288 2200 1538 2247 accedens
1575 2198 1825 2247 salutauit
1859 2215 1995 2259 eum,

397 2284 450 2330 et
483 2281 837 2343 interrogauit,
875 2297 1033 2342 quare
1069 2280 1158 2329 illa
1193 2281 1332 2343 hora,
1370 2282 1552 2331 ceteris
1589 2282 1993 2345 quiescentibus,

397 2367 449 2413 et
497 2364 602 2413 alto
652 2380 834 2426 sopore
887 2363 1093 2425 pressis,
1143 2365 1284 2412 solus
1332 2365 1444 2428 ipse
1484 2370 1684 2415 mestus
1723 2369 1781 2416 in
1829 2368 2002 2431 lapide

394 2447 619 2511 peruigil
657 2447 870 2495 sederet.
949 2448 1023 2494 At
1065 2447 1156 2494 ille
1193 2448 1424 2496 uicissim
1461 2450 1831 2512 sciscitabatur,
1874 2452 2000 2514 quid

395 2532 459 2580 ad
497 2548 618 2579 eum
655 2530 953 2593 pertineret,
991 2532 1170 2578 utrum
1203 2530 1312 2593 ipse
1345 2531 1490 2580 intus
1525 2549 1593 2581 an
1629 2533 1755 2583 foris
1791 2538 2001 2583 noctem

397 2614 718 2677 transigeret.
798 2613 898 2674 Qui
940 2614 1260 2676 respondens
1302 2615 1410 2664 ait:
1469 2616 1575 2665 ‘Ne
1623 2634 1709 2666 me
1757 2619 2002 2667 aestimes

397 2701 515 2746 tuae
564 2697 824 2746 mestitiae
885 2699 935 2745 et
996 2697 1396 2760 insomniorum,
1453 2702 1506 2748 et
1565 2700 1851 2750 forinsecae
1911 2702 2000 2750 et6

398 2781 656 2829 solitariae
694 2780 939 2828 sessionis
982 2797 1190 2829 causam
1226 2781 1458 2843 nescire3
1507 2783 1613 2832 scio
1652 2785 1795 2833 enim
1831 2785 2001 2833 certis·

399 2864 532 2911 sime
567 2864 657 2925 qui
692 2880 758 2924 es,
795 2866 846 2912 et
884 2880 1041 2926 quare
1079 2881 1262 2926 meres,
1305 2867 1357 2913 et
1395 2883 1524 2928 quae
1554 2870 1776 2916 uentura
1809 2868 1906 2916 tibi
1942 2868 1999 2916 in

399 2946 638 3009 proximo
674 2946 811 2995 mala
846 2946 1109 2996 formidas
1187 2947 1288 2996 Sed
1324 2948 1480 2997 dicito
1517 2950 1667 3012 mihi,
1706 2951 1832 3014 quid
1865 2967 2000 2999 mer-

455 3080 467 3103 ¹
500 3082 631 3119 -teret
652 3082 696 3120 C.
720 3080 785 3120 ΒΩ.
968 3080 983 3103 ²
1011 3086 1111 3121 Here
1131 3086 1188 3121 the
1208 3087 1399 3122 cross-bar
1419 3087 1463 3132 of
1475 3089 1531 3124 the
1553 3085 1574 3123 ὂ
1598 3089 1632 3124 z's
1651 3090 1833 3134 certainly
1854 3090 1900 3133 by
1922 3084 1971 3126 C²
1990 3099 2000 3135 ;

405 3161 434 3185 τ.
456 3149 573 3195 note,
600 3160 641 3197 p.
661 3161 725 3197 44.
827 3147 841 3170 3
874 3149 992 3198 quod
1014 3148 1088 3188 M1.
1174 3148 1188 3170 ¹
1218 3150 1417 3198 -pundus
1437 3163 1478 3189 or
1500 3151 1688 3191 -fundus
1709 3152 1784 3192 M1.
1884 3152 1899 3174 ⁵
1927 3152 2001 3191 ed·

401 3212 541 3251 uuine
565 3212 597 3251 C
616 3226 625 3261 ;
655 3213 813 3252 eduini
835 3213 887 3253 Bl
907 3229 917 3264 3
948 3227 1022 3254 -ne
1042 3213 1110 3267 ΒΖ,
1135 3219 1217 3255 cond
1237 3229 1277 3255 so
1297 3218 1409 3264 often.
1577 3219 1592 3242 ⁶
1620 3230 1669 3257 ac
1692 3218 1737 3258 C.

2031 1874 2082 1910 cf.
2106 1875 2224 1921 Verg.

2030 1924 2131 1961 Aen.
2146 1925 2199 1962 iv.
2213 1937 2230 1961 2

2030 1988 2120 2034 f.37
2139 1989 2173 2025 b.
