2240 3444
11 1940 156 1975 Matth.

15 2001 69 2025 xv.
93 2002 122 2031 3.

11 2348 59 2384 ib.
86 2360 132 2391 13.

12 2586 64 2626 ib.
83 2590 150 2626 vii.
172 2602 223 2634 13,

14 2651 67 2684 ¹⁴·

678 133 1012 203 Evgyhertum
1052 134 1410 203 Episcopum.
1729 136 1829 185 421

256 280 391 342 quod
418 279 778 328 estidolorum
812 278 1050 337 seruituS,
1083 295 1186 325 non
1224 278 1378 325 habet
1411 277 1746 325 hereditatem
1782 277 1834 324 in

256 379 414 424 regno
440 362 632 411 Christi
664 365 715 410 et
741 361 871 409 Dei)
944 361 1075 409 Cum
1113 376 1232 421 ergo
1267 359 1531 420 apostolus
1565 359 1834 407 auaritiam

255 447 305 492 et
342 445 669 506 rapacitatem
707 442 1000 491 idolatriam
1039 441 1312 488 manifeste
1345 441 1687 502 cognominet,
1719 459 1837 502 quo·

253 527 407 574 modo
437 527 726 589 putandum
756 528 835 573 est
861 540 1056 572 errasse
1088 540 1173 571 eos
1194 523 1219 583 ¹,
1252 523 1341 584 qui
1377 523 1459 569 uel
1495 524 1554 570 a2
1591 523 1839 584 subscrip·

255 609 396 656 tione
440 609 582 657 auari
631 610 900 667 mercatus,
950 623 1065 668 rege
1113 605 1233 653 licet
1280 605 1579 666 imperante,
1624 621 1837 651 manum

253 691 614 751 subtraxerint,
663 690 746 738 uel
783 690 845 737 ad
882 689 1133 736 radendas
1149 688 1163 710 ²³
1203 687 1416 734 inutiles
1464 686 1740 748 scripturas
1783 704 1838 734 ac

253 773 654 835 subscriptiones
678 789 870 832 earum,
901 787 1117 819 manum
1141 769 1514 832 apposuerint?

327 870 399 915 17.
442 856 511 903 Et
550 855 792 917 quidem4
835 854 1073 901 miranda
1119 855 1197 899 est
1235 851 1501 899 temeritas
1538 850 1830 911 stultorum,

255 938 337 984 uel
376 938 547 1000 potius
589 937 824 985 deflenda
862 936 1071 983 miseria
1112 951 1391 994 caecorum,
1437 933 1527 995 qui
1566 950 1684 981 cum
1726 934 1835 980 sine

256 1019 361 1067 ullo
391 1022 629 1082 respectu
654 1019 867 1082 superni
891 1018 1107 1077 timoris,
1139 1017 1332 1080 passim
1358 1033 1415 1064 ea
1440 1016 1626 1064 cotidie
1644 1017 1674 1076 ⁵,
1706 1032 1836 1077 quae

251 1102 470 1163 apostoli
494 1119 550 1150 ac
575 1102 855 1164 prophetae
880 1101 1052 1149 afflatu
1075 1100 1250 1148 Sancti
1270 1100 1494 1162 Spiritus
1509 1099 1836 1161 scripserunt,

253 1185 541 1232 rescindere
566 1201 623 1232 ac
648 1184 830 1232 nichili
849 1184 1072 1246 pendere
1098 1184 1381 1245 probantur
1403 1200 1413 1242 ;
1450 1182 1579 1230 illud
1601 1199 1627 1229 e
1647 1183 1836 1239 contra,

254 1268 391 1329 quod
411 1267 541 1329 ipsi6
567 1267 651 1315 uel
678 1267 876 1315 similes
900 1267 1132 1329 ipsorum
1148 1267 1163 1291 ⁷
1189 1265 1442 1314 instinctu
1479 1264 1724 1312 auaritiae
1757 1264 1840 1311 uel

253 1349 485 1398 luxuriae
503 1349 832 1411 scripserunt,
856 1349 1003 1412 quasi
1028 1350 1266 1397 sanctum
1285 1365 1341 1396 ac
1361 1346 1615 1395 diuinitus
1632 1348 1839 1394 cautum

253 1433 455 1480 eradere
480 1434 634 1494 atque
661 1433 934 1480 emendare
953 1431 1248 1491 formidant,
1271 1431 1326 1477 in
1350 1446 1564 1489 morem,
1591 1429 1646 1476 ni
1670 1429 1835 1488 fallor,

253 1515 593 1574 ethnicorum,
630 1514 731 1577 qui,
771 1517 1069 1576 contempto
1111 1513 1251 1561 ueri⁸
1290 1513 1387 1561 Dei
1425 1513 1581 1572 cultu,
1617 1528 1673 1559 ea
1714 1527 1842 1574 quae

253 1597 351 1659 ipsi
388 1597 487 1645 sibi
525 1597 588 1645 de
625 1598 774 1645 corde
811 1614 904 1645 suo
947 1597 1214 1645 finxerunt
1250 1613 1306 1644 ac
1346 1596 1592 1653 fecerunt,
1624 1593 1842 1641 numina

256 1681 587 1740 uenerantur,
647 1679 850 1739 timent,
916 1679 1107 1739 colunt,
1173 1680 1403 1738 adorant,
1457 1680 1508 1725 et
1555 1677 1836 1735 obsecrant,

255 1762 513 1811 dominica
548 1762 640 1810 illa
668 1762 1009 1810 insectatione
1029 1761 1044 1786 ⁹
1083 1761 1392 1824 dignissimi,
1425 1777 1524 1823 qua
1550 1759 1836 1817 Phariseos,

256 1862 374 1893 cum
401 1862 520 1893 suas
546 1845 839 1893 deuteroses
856 1843 890 1868 ¹⁰
913 1845 1013 1907 legi
1035 1845 1131 1892 Dei
1146 1845 1534 1906 praeponerent,
1560 1841 1834 1904 redarguit,

257 1928 466 1976 dicens:
511 1928 709 1988 ‘Quare
746 1929 797 1975 et
834 1945 927 1976 uos
962 1926 1382 1990 transgredimini
1418 1925 1721 1973 mandatum
1746 1923 1844 1971 Dei

255 2014 464 2073 propter
485 2011 821 2059 traditionem
842 2013 1069 2058 uestram
1091 2012 1116 2059 ‘?
1135 2011 1145 2029 ³
1208 2010 1306 2070 Qui
1332 2010 1375 2057 si
1391 2008 1420 2031 ¹1
1447 2008 1604 2056 etiam
1630 2009 1792 2054 cartas
1807 2004 1841 2028 ¹²

253 2093 565 2155 protulerint
588 2093 646 2141 in
680 2093 1038 2141 defensionem
1069 2091 1599 2154 concupiscentiarum
1629 2105 1840 2138 suarum

253 2177 548 2239 adscriptas,
579 2192 636 2224 ac
665 2176 921 2223 nobilium
953 2192 1290 2238 personarum
1321 2173 1694 2236 subscriptione
1730 2189 1843 2219 con·

255 2259 524 2318 firmatas3
568 2260 626 2306 tu
669 2275 954 2321 nunquam,
997 2275 1190 2321 precor,
1233 2257 1521 2306 dominicae
1560 2255 1842 2303 sanctionis

257 2341 589 2402 obliuiscariS,
612 2339 740 2403 qua1
783 2341 970 2389 dicitur
989 2359 1000 2389 t
1044 2341 1258 2389 ‘Omnis
1273 2339 1541 2403 plantatio,
1564 2355 1718 2400 quam
1735 2354 1841 2385 non

254 2424 512 2487 plantauit
537 2424 694 2472 Pater
719 2440 866 2471 meus
893 2422 1134 2483 caelestis,
1166 2422 1539 2471 eradicabitur.'
1612 2421 1680 2468 Et
1706 2422 1841 2467 certe

254 2523 282 2554 a
305 2509 358 2555 te
377 2506 570 2554 discere
594 2506 799 2568 uellem,
826 2506 1159 2554 dilectissime
1179 2507 1208 2531 ¹⁴
1233 2505 1463 2564 antistes,
1487 2503 1709 2552 Domino
1735 2518 1843 2563 pro·

255 2591 481 2637 testante
513 2606 570 2636 ac
602 2589 819 2649 dicente,
851 2589 972 2651 quia
1003 2589 1130 2636 ‘lata
1153 2590 1302 2650 porta
1328 2590 1378 2635 et
1404 2585 1627 2648 spatiosa
1646 2585 1729 2632 uia
1745 2587 1835 2644 est,

258 2688 385 2734 quae
418 2672 559 2719 ducit
591 2672 652 2719 ad
678 2672 1041 2733 perditionem,
1073 2673 1124 2719 et
1149 2671 1305 2718 multi
1343 2671 1479 2729 sunt,
1523 2668 1611 2730 qui
1647 2667 1845 2714 intrant

254 2772 344 2817 per
370 2771 483 2802 eam
510 2772 521 2814 3
559 2771 714 2816 quam
744 2757 965 2816 angusta
993 2756 1142 2816 porta
1179 2755 1230 2801 et
1269 2755 1378 2800 arta
1416 2751 1502 2798 uia
1541 2753 1617 2798 est
1638 2750 1685 2810 ¹5,
1718 2765 1846 2811 quae

256 2838 396 2886 ducit
414 2838 476 2885 ad
497 2837 674 2899 uitam,
697 2840 748 2886 et
766 2837 915 2900 pauci
934 2837 1112 2897 sunt,¹⁶
1130 2835 1218 2898 qui
1238 2834 1515 2882 inueniunt
1532 2833 1665 2881 eam’
1683 2850 1693 2892 ;
1724 2832 1846 2894 quid

312 2956 324 2977 ¹
355 2970 428 2996 eos
448 2971 532 2996 err.
555 2958 611 2997 M.
723 2957 736 2977 ²
766 2970 791 2996 a
811 2971 883 2997 om.
910 2959 967 2997 H.
1079 2956 1093 2977 ³
1123 2956 1245 2995 erad-
1265 2955 1324 2993 M.
1437 2953 1448 2975 ⁴
1480 2953 1661 3002 quidem
1683 2966 1755 2991 om.
1783 2953 1841 2991 M.

257 3024 462 3062 &cotidie
485 3037 557 3062 om.
581 3024 638 3063 M.
765 3022 780 3044 ⁶
810 3024 919 3073 ipsis
940 3023 998 3062 M.
1115 3019 1129 3040 ⁷
1178 3034 1331 3059 eorum
1352 3020 1410 3059 M.
1522 3017 1536 3039 ⁸
1565 3019 1660 3056 ueri
1680 3031 1751 3057 om.
1780 3019 1837 3057 M.

256 3090 270 3112 ‘³
299 3090 542 3128 infectione
563 3089 621 3128 H.
643 3089 701 3128 M.
910 3088 938 3110 ¹⁰
965 3100 1052 3126 -sas
1075 3088 1118 3125 H
1140 3100 1149 3136 ;
1181 3091 1259 3126 -sis
1279 3087 1337 3126 M.
1496 3082 1520 3105 ¹¹
1554 3085 1678 3133 quasi
1702 3084 1757 3122 H.
1781 3083 1837 3123 M.

257 3152 287 3174 ¹²
317 3155 361 3193 H
383 3159 423 3192 at
433 3158 525 3201 first
544 3159 650 3193 wrote
670 3155 844 3194 caritas.
978 3153 1007 3176 ¹³
1037 3154 1085 3191 in
1108 3165 1194 3202 qua
1216 3152 1273 3191 M.
1420 3150 1446 3171 ¹⁴
1478 3149 1756 3188 sanctissime
1780 3148 1837 3187 M.

258 3223 290 3246 ¹⁵
319 3225 385 3262 est
406 3236 480 3262 om.
503 3223 562 3262 H.
659 3223 688 3247 ¹⁶
716 3223 809 3262 sint
830 3223 903 3272 H;
933 3236 1005 3261 om.
1032 3222 1090 3261 M.

1867 865 1949 900 The
1970 876 2081 900 samse

1865 916 2101 952 continued.
