2175 3439
70 266 148 302 His

70 316 327 352 authorities

70 675 258 711 Albinus.

72 1428 280 1462 Nothelm.

72 1854 330 1888 Documents

71 1907 180 1938 trom
197 1903 270 1938 the

73 1954 237 1987 Roman

75 2003 273 2039 archives

76 2355 108 2387 Ε
112 2354 214 2388 arlie
220 2366 238 2388 r

75 2404 167 2438 writ
173 2416 192 2439 c
197 2415 245 2439 rs.

364 113 397 161 6
823 111 886 162 H
888 109 1088 163 istoria
1126 109 1520 162 Ecclesiccsticco
1792 116 1965 168 [PRAEF.

431 258 506 307 Ut
542 260 719 307 autem
756 257 812 306 in
851 257 947 318 his,
979 274 1111 319 quae
1147 256 1343 319 scripsi,
1387 255 1474 304 uel
1510 254 1621 316 tibi,
1661 254 1748 303 uel
1785 254 1970 303 ceteris

362 342 691 391 auditoribus
728 341 839 389 siue
871 341 1150 388 lectoribus
1175 340 1333 387 huius
1365 339 1610 387 historiae
1648 338 1970 387 occasionem

362 425 639 473 dubitandi
677 424 995 484 subtraham,
1028 423 1216 486 quibus
1251 423 1378 471 haec
1406 422 1639 471 maxime
1674 421 1971 470 auctoribus

364 508 650 569 didicerim,
683 507 914 556 breuiter
939 507 1187 555 intimare
1213 506 1414 554 curabo.

431 593 633 640 Auctor
679 593 801 638 ante
849 606 1032 638 omnes
1079 591 1233 652 atque
1280 589 1484 637 adiutor
1531 587 1766 652 opusculi
1813 586 1972 635 huius

365 675 596 723 Albinus
632 674 762 722 abba
804 672 1279 733 reuerentissimus,
1322 672 1406 720 uir
1442 689 1534 734 per
1572 671 1749 719 omnia
1786 670 1972 719 doctis-

366 758 546 818 simus,
579 757 788 825 OXffiffiss3
834 755 926 818 qui
960 756 1017 803 in
1050 756 1265 804 ecclesia
1291 755 1693 804 Cantuariorum
1729 771 1759 802 a
1793 754 1973 802 beatae

365 841 646 889 memoriae
672 840 941 887 Theodoro
972 839 1356 902 archiepiscopo
1389 841 1440 887 et
1469 839 1741 887 Hadriano
1772 837 1967 897 abbate,

364 924 494 973 uiris
519 922 908 971 uenerabilibus
934 928 1089 984 atque
1114 923 1499 984 eruditissimis,
1531 922 1823 981 institutUS,
1857 919 1974 984 dili-

364 1011 549 1071 genter
589 1006 778 1067 onmia,
823 1023 955 1068 quae
998 1006 1054 1053 in
1091 1006 1203 1068 ipsa
1246 1006 1649 1055 Cantuariorum
1686 1004 1967 1068 prouincia,

363 1092 448 1140 uel
488 1091 645 1138 etiam
685 1090 742 1137 in
784 1089 1046 1152 contiguis
1088 1090 1261 1138 eidem
1304 1090 1604 1154 regionibus
1640 1107 1669 1138 a
1706 1087 1974 1151 discipulis

363 1175 503 1223 beati
531 1190 692 1236 papae
719 1173 957 1235 Gregorii
981 1179 1127 1236 gesta
1151 1175 1310 1235 fuere,
1342 1175 1429 1222 uel
1467 1173 1811 1222 monimentis
1840 1171 1973 1219 litte-

364 1275 553 1319 rarum,
577 1258 663 1305 uel
689 1257 956 1305 seniorum
982 1257 1263 1306 traditione
1290 1260 1606 1326 cognouerat
1631 1276 1641 1318 ς
1680 1260 1731 1305 et
1762 1273 1819 1304 ea
1843 1255 1978 1303 mihi

365 1342 428 1390 de
454 1342 550 1402 his,
583 1358 714 1403 quae
740 1340 994 1388 memoria
1014 1340 1171 1403 digna
1196 1332 1523 1402 uidebantur,
1554 1357 1647 1403 per
1671 1339 1976 1403 religiosum

366 1419 758 1469 Lundoniensis
791 1420 1033 1468 ecclesiae
1069 1421 1437 1483 presbyterum
1475 1420 1838 1480 Nothelmum,
1869 1419 1980 1467 siue

363 1504 554 1552 litteris
590 1504 851 1562 mandata,
892 1503 1003 1551 siue
1036 1504 1201 1566 ipsius
1238 1503 1543 1552 Nothelmil
1580 1504 1704 1552 uiua
1741 1519 1869 1552 uoce
1911 1520 1984 1550 re-

364 1589 590 1648 ferenda,
616 1586 925 1636 transmisit.
1006 1587 1107 1648 Qui
1139 1587 1381 1635 uidelicet
1418 1587 1738 1636 Nothelmus
1766 1588 1947 1649 postea
1966 1586 1982 1609 ²¹

365 1672 588 1719 Romam
632 1670 868 1731 ueniens,
920 1671 1205 1719 nonnullas
1242 1671 1317 1718 ibi
1357 1671 1496 1719 beati
1536 1670 1774 1734 Gregorii
1816 1686 1977 1732 papae

367 1755 528 1803 simul
576 1757 626 1802 et
674 1754 899 1802 aliorum
947 1754 1258 1816 pontificum
1318 1755 1580 1817 epistulas,
1621 1755 1624 1818 Ι
1657 1756 1978 1818 perscrutato

369 1838 604 1886 eiusdem
648 1839 852 1885 sanctae
895 1838 1135 1886 ecclesiae
1174 1839 1439 1886 Romanae
1476 1838 1679 1899 scrinio,
1721 1837 1980 1900 permissu

369 1922 493 1982 eius,
527 1921 618 1983 qui
642 1938 785 1968 nunc
811 1921 912 1983 ipsi
939 1922 1183 1970 ecclesiae
1207 1924 1413 1984 praeest
1439 1921 1675 1984 Gregorii
1698 1920 1977 1984 pontificis,

369 2005 591 2065 inuenit,
623 2021 968 2066 reuersusque
994 2005 1145 2054 nobis
1171 2009 1382 2054 nostrae
1407 2006 1655 2054 historiae
1679 2005 1983 2053 inserendas

369 2106 490 2136 cum
550 2087 767 2136 consilio
828 2089 1045 2150 praefati
1093 2089 1283 2137 Albini
1341 2088 1756 2138 reuerentissimi
1815 2088 1981 2150 patris

366 2173 569 2221 adtulit.
646 2173 697 2220 A
723 2172 978 2235 principio
1005 2173 1180 2235 itaque
1216 2173 1505 2221 uoluminis
1530 2172 1688 2221 huius
1725 2188 1891 2234 usque
1916 2172 1977 2220 ad

367 2260 589 2319 tempus,
619 2275 722 2320 quo
747 2274 875 2320 gens
899 2257 1200 2319 Anglorum
1225 2258 1385 2305 fidem
1413 2256 1610 2305 Christi
1643 2256 1886 2318 percepit,
1918 2272 1980 2302 ex

369 2340 604 2403 priorum
640 2342 870 2390 maxime
906 2341 1112 2403 scriptis
1149 2342 1274 2389 hinc
1311 2341 1434 2389 inde
1470 2340 1699 2388 collectis
1736 2356 1806 2401 ea,
1851 2356 1981 2402 quae

369 2442 743 2488 promeremus,
776 2425 1067 2474 didicimus.
1147 2425 1354 2473 Exinde
1379 2427 1556 2473 autem
1577 2441 1742 2487 usque
1766 2425 1829 2472 ad
1855 2427 1983 2472 tem-

368 2526 493 2571 pora
545 2510 849 2572 praesentia,
905 2526 1036 2571 quae
1084 2509 1139 2557 in
1192 2509 1405 2557 ecclesia
1448 2508 1850 2557 Cantuariorum
1888 2525 1982 2570 per

369 2593 652 2655 discipulos
676 2593 813 2641 beati
839 2609 1001 2654 papae
1019 2592 1270 2656 Gregorii,
1303 2593 1414 2641 siue
1440 2609 1758 2641 successores
1779 2608 1974 2650 eorum,

371 2676 454 2723 uel
493 2676 591 2724 sub
628 2677 820 2738 quibus
862 2676 1073 2739 regibus
1110 2680 1254 2739 gesta
1294 2677 1416 2737 sint,
1459 2675 1738 2724 memorati
1779 2674 1981 2722 abbatis

370 2759 558 2807 Albini
602 2760 874 2820 industria,
925 2760 1223 2821 Nothelmo,
1265 2763 1325 2808 ut
1368 2760 1612 2820 diximus,
1666 2758 1974 2822 perferente.

371 2843 728 2906 cognouimus.
808 2842 908 2904 Qui
934 2843 1093 2891 etiam
1118 2843 1416 2905 prouinciae
1443 2842 1794 2891 Orientalium
1820 2841 1980 2889 simul

371 2929 421 2973 et
459 2926 878 2974 Occidentalium
923 2926 1204 2987 Saxonum,
1247 2944 1342 2974 nec
1386 2943 1493 2974 non
1537 2929 1587 2973 et
1631 2925 1979 2974 Orientalium

369 3009 668 3072 Anglorum
711 3011 866 3072 atque
918 3009 1497 3072 Nordanhymbrorum,
1543 3026 1572 3057 a
1611 3008 1804 3071 quibus
1841 3024 1980 3071 prae-

369 3093 582 3153 sulibus,
614 3093 698 3141 uel
736 3109 961 3155 quorum
986 3095 1222 3156 tempore
1253 3110 1437 3156 regum
1474 3092 1697 3155 gratiam
1723 3090 1979 3154 euangelii

650 3214 660 3236 ¹
691 3214 979 3254 nothelmum
1003 3214 1050 3253 C.
1290 3214 1305 3236 2
1335 3217 1573 3265 postquam
1595 3214 1640 3253 C.

2024 1765 2033 1798 ’,
2060 1764 2123 1797 11».
