2240 3444
134 616 270 652 Death
290 615 335 651 of

134 667 334 711 Eadbach,

134 718 218 751 and
237 726 395 752 succes-

133 767 224 802 sion
240 767 285 802 of
296 768 395 802 Ear-

134 818 318 862 conbert,

135 880 170 902 A.
185 880 220 902 D.
243 870 323 911 640.

136 1698 311 1743 English

134 1749 366 1793 princesses

136 1799 179 1833 in
190 1797 397 1834 Frankish

135 1860 297 1885 monas-

136 1901 212 1935 teri
219 1912 270 1936 es.

427 96 530 146 142
878 94 1146 149 Historia
1184 95 1575 149 Ecclesiastica
1816 105 1924 158 [Lm.
1948 109 2025 147 111.

1059 285 1212 335 OAP.
1242 285 1400 334 VIII.

429 427 478 463 Ut
505 437 570 462 rex
597 427 901 463 Cautum-iorum
928 423 1207 464 Earconberct¹
1227 429 1330 464 idola
1360 427 1508 464 destrui
1524 427 1788 472 praeceperim
1819 428 1852 464 ct
1877 428 1922 464 de
1937 428 2029 472 filia

479 495 566 531 eius
585 494 798 539 Erconqota
813 490 827 512 ²
846 496 879 530 et
890 496 1115 538 propinqua
1136 495 1387 539 Aedilberyae
1401 490 1427 541 3,
1453 495 1617 530 sacratis
1635 494 1710 530 Deo
1731 494 1973 539 uiryz'nibus.

493 601 648 650 ANNo
687 602 978 651 dominicae
1015 601 1389 650 incarnationis
1426 601 1629 662 DCXL,
1667 601 1902 649 Eadbald
1939 618 2030 649 rex

426 685 825 734 Cantuariorum
850 686 1110 734 transiens
1130 702 1192 733 ex
1217 686 1311 733 hac
1339 685 1458 746 uita,
1482 685 1860 735 Earconbercto
1879 684 1895 708 4
1919 684 2029 732 filio

426 770 574 832 regni
599 769 948 832 gubernacula
974 769 1185 832 reliquit
1210 787 1220 829 3
1258 785 1387 831 quae
1416 768 1507 816 ille
1533 770 1770 831 suscepta
1797 768 2028 816 XXIIII

425 852 578 899 annis
628 854 678 900 et
725 852 924 915 aliquot
972 852 1244 900 mensibus
1286 851 1616 899 nobilissime
1657 851 1844 899 tenuit.
1924 851 2029 899 Hic

425 936 630 999 primus
667 954 850 999 regum
880 936 1178 999 Anglorum
1215 935 1273 983 in
1312 937 1420 983 toto
1460 951 1620 998 regno
1654 951 1748 983 suo
1785 934 1924 983 idola
1958 951 2030 983 re-

425 1019 594 1082 linqui
619 1037 675 1068 ac
702 1020 912 1081 destrui,
945 1019 1104 1067 simul
1136 1021 1187 1067 et
1217 1018 1474 1066 ieiunium
1502 1018 1598 1066 XL
1625 1018 1830 1066 dierum
1865 1019 2031 1067 obser·

425 1105 538 1152 uari
580 1104 853 1166 principali
890 1103 1196 1151 auctoritate
1240 1102 1513 1165 praecepit.
1595 1102 1737 1163 Quae
1777 1119 1843 1150 ne
1882 1102 2031 1150 facile

425 1205 454 1236 a
491 1187 735 1251 quopiam
774 1189 949 1250 posset
985 1186 1266 1246 contemni,
1309 1185 1365 1233 in
1403 1188 1807 1248 transgressores
1848 1186 2031 1249 dignas

427 1274 479 1320 et
514 1272 850 1333 conpetentes
886 1269 1186 1333 punitiones
1222 1269 1504 1331 proposuit.
1584 1270 1743 1318 Cuius
1780 1269 1888 1318 filia
1914 1271 2033 1317 Ear-

427 1357 658 1417 congotae
674 1354 703 1415 ⁵,
736 1356 795 1402 ut
822 1353 1081 1416 condigna
1106 1353 1310 1415 parenti
1340 1352 1560 1415 suboles,
1593 1370 1906 1415 magnarum
1930 1353 2033 1401 fuit

427 1438 573 1501 uirgo
606 1438 882 1497 uirtutum,
914 1436 1149 1484 seruiens
1176 1436 1405 1484 Domino
1437 1435 1493 1484 in
1527 1437 1860 1497 monasterio,
1894 1436 2031 1499 quod

426 1521 483 1569 in
527 1521 735 1584 regione
778 1521 1099 1568 Francorum
1142 1522 1501 1567 constructum
1545 1522 1624 1567 est
1665 1520 1729 1567 ab
1774 1520 2033 1568 abbatissa

428 1604 752 1653 nobilissima
777 1603 1031 1652 uocabulo
1049 1603 1192 1664 Fara,
1219 1603 1276 1650 in
1301 1603 1425 1663 loco,
1452 1602 1543 1665 qui
1564 1602 1753 1651 dicitur
1777 1603 1834 1651 in
1855 1604 2025 1667 Brige.

430 1689 566 1736 Nam
593 1706 651 1736 eo
677 1690 911 1750 tempore
944 1686 1170 1734 necdum
1200 1686 1386 1734 multis
1415 1685 1471 1733 in
1498 1687 1708 1749 regione
1734 1687 2031 1749 Anglorum

430 1771 762 1820 monasteriis
782 1770 1107 1831 constructis,
1130 1769 1289 1818 multi
1309 1770 1371 1818 de
1393 1769 1653 1817 Brittania
1671 1770 2005 1819 monachicae
2020 1771 2036 1795 ⁶

429 1855 840 1905 conuersationis
866 1855 1028 1918 gratia
1053 1855 1374 1902 Francorum
1400 1854 1486 1902 uel
1515 1854 1804 1902 Galliarum
1835 1871 2035 1902 monas-

428 1940 559 1989 teria
596 1940 738 1987 adire
778 1939 1048 1998 solebant3
1087 1938 1176 1986 sed
1216 1940 1268 1986 et
1305 1938 1441 1986 filias
1477 1955 1596 1986 suas
1634 1937 1832 1986 eisdem
1871 1937 2036 1986 erudi-

430 2025 601 2079 endas,
617 2040 673 2070 ac
695 2039 885 2084 sponso
906 2021 1113 2070 caelesti
1132 2022 1450 2084 copulandas
1467 2021 1778 2082 mittebant3
1805 2021 2034 2069 maxime

430 2108 485 2155 in
507 2106 674 2168 Brige,
698 2107 748 2153 et
772 2105 828 2152 in
849 2104 983 2166 Cale,
1006 2106 1058 2152 et
1083 2104 1138 2152 in
1159 2104 1484 2167 Andilegum
1510 2104 1825 2152 monasterio
1847 2122 1859 2164 3
1897 2104 2036 2152 inter

431 2207 558 2253 quas
591 2190 698 2237 erat
731 2188 1032 2251 Saethryd⁷‚
1065 2187 1171 2235 filia
1208 2187 1387 2235 uxoris
1416 2188 1605 2235 Annae
1642 2187 1777 2250 regis
1805 2187 2035 2236 Orienta-

430 2274 564 2321 lium
613 2271 926 2334 Anglorum,
982 2270 1129 2319 cuius
1184 2287 1341 2333 supra
1401 2270 1758 2330 meminimus,
1814 2273 1865 2318 et
1926 2270 2034 2318 filia

431 2355 686 2404 naturalis
711 2354 944 2403 eiusdem
969 2353 1103 2416 regis
1123 2354 1408 2416 Aedilberg
1425 2354 1439 2378 ⁸
1462 2371 1473 2414 3
1512 2370 1642 2416 quae
1664 2355 1886 2415 utraque
1913 2370 2034 2401 cum

430 2441 566 2487 esset
599 2437 883 2500 peregrina,
915 2453 1036 2499 prae
1073 2436 1260 2484 merito
1287 2436 1548 2484 uirtutum
1575 2436 1807 2484 eiusdem
1833 2453 2035 2485 monas-

431 2523 551 2571 terii
589 2520 856 2584 Brigensis
896 2523 973 2568 est
1014 2519 1273 2568 abbatissa
1315 2519 1612 2567 constituta.
1691 2519 1852 2568 Cuius
1896 2519 2034 2583 regis

431 2606 540 2654 filia
576 2605 739 2653 maior
774 2604 1023 2665 Sexburg3
1056 2619 1187 2650 uxor
1216 2602 1616 2651 Earconbercti9
1642 2602 1777 2666 regis
1812 2603 2030 2651 Cantua-

430 2690 640 2750 riorum,
680 2687 863 2736 habuit
903 2686 1069 2734 filiam
1111 2683 1561 2749 Earcongotamm,
1602 2686 1664 2733 de
1704 2702 1806 2748 qua
1849 2702 2034 2734 sumus

433 2772 637 2821 dicturi.

486 2936 497 2957 1
528 2936 798 2975 erconberht
821 2935 865 2974 G.
979 2932 994 2955 2
1022 2935 1259 2984 ercongota
1281 2933 1340 2977 B;
1371 2935 1606 2983 ercongata
1622 2933 1673 2971 N.
1790 2932 1805 2954 ³
1836 2933 1968 2972 aeoil-
1985 2933 2032 2972 O.

430 3004 443 3025 ⁴
475 3003 653 3041 —berhto
675 3002 734 3050 (ἇς
764 3002 933 3039 -brecto
954 3001 1006 3039 N.
1201 2998 1216 3020 ⁵
1247 3001 1336 3037 —tae
1359 2999 1395 3036 B
1415 3012 1424 3047 3
1456 3001 1518 3037 -te
1541 3000 1579 3037 N
1602 3013 1611 3048 3
1642 3001 1932 3049 eorcongotae
1955 2998 2003 3038 (3¹
2023 3012 2032 3047 3

431 3073 495 3108 -m
517 3067 578 3108 (32.
693 3070 707 3091 ⁶
736 3068 1011 3106 monasticae
1033 3065 1097 3105 Ol.
1211 3062 1225 3084 ⁷
1255 3066 1462 3114 sacci-yth
1487 3066 1518 3104 C
1539 3079 1548 3113 3
1578 3066 1768 3115 saedryd
1792 3067 1854 3113 133
1885 3065 2031 3103 saeth-

431 3137 525 3174 rith
548 3136 599 3174 N.
713 3133 727 3154 ⁸
758 3134 981 3183 aeoilberg
995 3133 1040 3171 C¹
1061 3146 1070 3179 3
1100 3132 1232 3181 -burg
1249 3131 1296 3170 02
1314 3145 1323 3179 3
1354 3131 1547 3169 edilberc
1564 3132 1616 3171 N.
1749 3131 1764 3154 ⁹
1793 3144 1944 3170 ercon-
1966 3131 2002 3169 B
2021 3144 2030 3179 3

432 3201 741 3240 corconberhti
763 3200 808 3240 O.
924 3199 953 3221 ¹⁰
983 3200 1259 3248 earcogotam
1283 3197 1334 3236 B¹
1358 3210 1366 3246 3
1397 3209 1575 3236 eorcon-
1598 3197 1642 3236 G.
