2240 3444
66 1131 138 1166 His
157 1131 274 1166 char-

59 1184 182 1216 aeter.

353 135 476 217 210ι
807 135 1073 189 Historia
1111 135 1503 191 Ecclesiccstica
1750 149 1863 201 [Lm.
1885 153 1959 192 IV.

354 281 566 343 quidem
611 281 696 343 ita,
743 284 802 330 ut
843 282 1044 331 dictum
1083 283 1130 331 ei
1168 285 1288 345 erat,
1333 301 1486 346 opere
1524 285 1828 347 conpletum
1865 289 1956 336 est.

354 363 493 411 Nam
524 365 803 413 confestim
834 365 1045 429 langore
1073 367 1301 429 corporis
1332 370 1504 415 tactus
1535 370 1626 429 est,
1659 371 1710 416 et
1743 370 1839 417 hoc
1872 387 1965 432 per

353 448 464 496 dies
501 448 910 512 ingrauescente,
951 450 1187 512 septimo,
1228 453 1288 499 ut
1330 451 1653 514 promissum
1688 453 1734 500 ei
1772 453 1958 516 fuerat,

352 532 448 593 die,
485 534 762 594 postquam
801 533 1005 581 obitum
1043 551 1199 581 suum
1236 535 1488 582 dominici
1519 536 1746 597 corporis
1777 538 1827 584 et
1854 554 1965 585 san-

351 615 525 677 guinis
566 616 900 679 perceptione
940 618 1189 679 muniuit,
1234 618 1404 666 soluta
1452 618 1516 665 ab
1556 620 1817 681 ergastulo
1859 637 1962 668 cor-

349 699 491 767 poris
530 700 707 748 anima
745 703 934 761 sancta,
980 701 1307 764 ducentibus,
1353 704 1413 750 ut
1451 702 1588 750 credi
1625 702 1702 750 fas
1745 706 1835 764 est,
1878 721 1963 752 an-

351 783 482 845 gelis
521 783 802 832 comitibus
840 786 1051 832 aeterna
1089 785 1279 847 gaudia
1311 786 1514 847 petiuit.
1595 786 1712 833 Non
1753 785 1961 835 autem¹

352 867 563 928 mirum,
587 867 630 915 si
656 868 798 916 diem
819 868 1008 916 mortis
1033 869 1120 916 uel
1146 869 1320 930 potius
1338 868 1353 892 ²
1381 870 1522 917 diem
1549 870 1767 918 Domini
1795 871 1962 919 laetus
1993 880 2153 938 ‹zi-‘3⁸10h.

352 951 568 1013 aspexit,
621 968 776 1013 quem
832 968 1050 1014 semper,
1098 954 1395 1015 usquedum
1435 953 1655 1015 ueniret,
1705 954 1962 1003 sollicitus
1993 942 2078 966 vm.
2100 933 2154 975 56.

352 1037 620 1097 expectare
651 1034 870 1084 curauit.

424 1118 664 1180 Namque
686 1118 826 1166 inter
842 1119 993 1181 plura
1020 1118 1388 1180 continentiae,
1416 1119 1750 1181 humilitatis,
1774 1120 1962 1168 doctri-

850 1230 853 1246 ι
887 1202 1214 1250 uoluntariae
1230 1203 1564 1265 paupertatis,
1597 1205 1647 1250 et
1674 1206 1961 1253 ceterarum
1994 1214 2020 1249 f.
2046 1226 2089 1260 74
2107 1226 2141 1250 a.

353 1219 463 1262 nae,
497 1202 809 1263 orationum,
850 1247 853 1266 Ι

351 1284 615 1332 uirtutum
653 1286 853 1347 merita,
889 1286 944 1333 in
983 1288 1193 1334 tantum
1232 1289 1340 1335 erat
1377 1286 1557 1334 timori
1595 1287 1812 1335 Domini
1850 1287 1965 1335 sub-

353 1369 506 1429 ditus,
553 1369 608 1417 in
649 1371 861 1417 tantum
899 1370 1314 1418 nouissinlorum
1359 1387 1574 1417 suorum
1615 1371 1672 1417 in
1717 1371 1964 1419 omnibus

352 1452 596 1515 operibus
634 1453 742 1501 suis
776 1470 993 1515 memor,
1023 1456 1096 1514 ut,
1130 1453 1264 1501 sicut
1297 1453 1431 1501 mihi
1463 1454 1623 1502 frater
1650 1455 1865 1516 quidam
1901 1456 1965 1503 de

351 1537 448 1597 his,
481 1536 570 1599 qui
604 1554 689 1584 me
714 1537 769 1584 in
798 1538 1067 1600 scripturis
1097 1538 1404 1586 erudiebant
1422 1538 1450 1600 ³,
1485 1539 1535 1585 et
1573 1540 1682 1586 erat
1708 1538 1765 1585 in
1791 1554 1966 1587 mona-

351 1621 508 1668 sterio
547 1638 603 1668 ac
652 1621 950 1683 magisterio
994 1621 1141 1669 illius
1182 1622 1443 1680 educatus,
1492 1621 1745 1669 uocabulo
1784 1622 1966 1670 Trum-

350 1705 543 1765 berct4,
595 1704 785 1752 referre
826 1705 1037 1766 solebat,
1083 1705 1127 1752 si
1169 1705 1302 1752 forte
1341 1705 1548 1767 legente
1591 1722 1650 1752 eo
1691 1705 1777 1753 uel
1821 1706 1962 1754 aliud

353 1788 477 1851 quid
517 1790 715 1851 agente,
764 1791 979 1851 repente
1020 1789 1177 1837 flatus
1221 1788 1368 1837 uenti
1406 1787 1573 1836 maior
1609 1789 1910 1852 adsurgeret
1927 1790 1957 1851 5,

353 1872 604 1922 continuo
662 1872 1073 1921 misericordiam
1129 1872 1348 1921 Domini
1396 1873 1678 1933 inuocaret,
1736 1876 1786 1921 et
1847 1890 1962 1921 eam

351 1956 530 2019 generi
554 1957 787 2004 humano
809 1956 1078 2018 propitiari
1104 1958 1319 2018 rogaret.
1400 1956 1454 2004 Si
1478 1959 1657 2004 autem
1682 1957 1963 2005 uiolentior

351 2056 476 2087 aura
502 2039 778 2101 insisteret,
811 2040 915 2087 iam
942 2040 1116 2087 clauso
1143 2040 1314 2088 codice
1334 2039 1621 2103 procideret
1639 2042 1653 2065 ⁶
1678 2040 1734 2087 in
1755 2041 1956 2102 faciem,

353 2126 508 2185 atque
553 2123 797 2171 obnixius
836 2124 1059 2171 orationi
1098 2124 1441 2173 incumberet.
1532 2125 1608 2172 At.
1653 2124 1696 2172 si
1734 2125 1962 2187 procella

353 2206 537 2254 fortior
576 2209 665 2255 aut
709 2207 924 2254 nimbus
963 2210 1278 2270 perurgeret,
1327 2207 1414 2255 uel
1454 2207 1614 2255 etiam
1659 2209 1857 2255 corusci
1904 2224 1961 2255 ac

354 2291 587 2339 tonitrua
647 2293 812 2338 terras
861 2293 912 2338 et
961 2308 1076 2338 aera
1126 2293 1395 2351 terrerent,
1451 2294 1578 2339 tunc
1626 2291 1848 2339 ueniens
1896 2292 1960 2340 ad

357 2375 628 2423 ecclesiam
666 2374 922 2422 sollicitus
960 2374 1283 2423 orationibus
1320 2392 1378 2422 ac
1415 2374 1645 2437 psalmis,
1690 2375 1853 2422 donec
1891 2391 1962 2423 se-

352 2459 549 2506 renitas
597 2457 730 2505 aeris
780 2457 984 2519 rediret,
1029 2458 1165 2505 fixa⁷
1204 2460 1384 2505 mente
1423 2460 1642 2506 uacaret.
1721 2459 1961 2521 Cumque

352 2543 760 2604 interrogaretur
796 2559 824 2589 a
862 2541 981 2601 suis,
1020 2558 1177 2603 quare
1212 2542 1307 2589 hoc
1339 2542 1542 2601 faceret,
1580 2542 1957 2604 respondebat:

359 2626 506 2673 ‘Non
546 2625 761 2688 legistis,
808 2625 929 2687 quia.
974 2625 1254 2673 “intonuit
1295 2625 1357 2672 de
1398 2625 1537 2673 caelo
1583 2626 1856 2687 DominuS,
1907 2629 1959 2675 et
1990 2640 2171 2676 Ps.xvii.

351 2709 663 2758 Altissimus
688 2709 832 2758 dedit
859 2726 1040 2756 uocem
1073 2726 1221 2757 suam
1247 2727 1257 2769 ;
1296 2709 1442 2756 misit
1467 2709 1682 2771 sagittas
1713 2726 1832 2757 suas
1847 2710 1875 2771 ⁸,
1909 2713 1960 2758 et
1994 2703 2043 2736 ¹3’
2068 2702 2118 2735 ¹⁴¹

352 2793 627 2855 dissipauit
677 2810 778 2853 eos,
832 2793 1036 2855 fulgora
1084 2792 1472 2855 multiplicauit,
1528 2796 1579 2841 et
1627 2793 1961 2842 conturbauit

349 2876 556 2924 eos‘?⁹''
631 2875 863 2924 Mouet¹⁰
890 2876 1034 2923 enim
1071 2892 1185 2923 aera
1222 2875 1495 2937 Dominus,
1526 2879 1715 2924 uentos
1752 2876 1954 2938 excitat,

406 2984 416 3006 ¹
449 2986 572 3023 enim
595 2985 650 3025 N.
836 2986 851 3008 2
880 2987 1051 3036 positus
1074 2985 1149 3025 M¹.
1335 2985 1350 3007 ³
1379 2986 1474 3025 -bat
1497 2986 1553 3034 C;
1583 2984 1739 3025 -ba*n‘t
1760 2987 1796 3024 B
1817 3000 1826 3035 3
1857 2999 1957 3025 sum

351 3052 509 3090 brobor
532 3083 540 3091 .
566 3084 574 3092 .
600 3083 608 3091 .
630 3051 677 3090 of
694 3054 805 3101 pacm
828 3054 877 3102 Pe
898 3065 969 3090 me
993 3084 1001 3091 .
1022 3084 1030 3092 .
1055 3084 1064 3091 .
1086 3052 1194 3102 effide
1215 3066 1240 3103 7
1262 3052 1399 3090 laerde
1421 3052 1508 3091 As.
1679 3053 1692 3074 ⁴
1721 3052 1873 3091 -berht
1895 3053 1926 3091 C
1947 3066 1957 3102 ;

351 3120 493 3157 -brcct
514 3119 566 3158 N.
700 3119 714 3141 ⁵
744 3120 1054 3169 adresurgeret
1076 3119 1123 3158 C.
1263 3117 1277 3140 ⁶
1305 3119 1501 3158 -cederet
1522 3118 1582 3158 M.
1722 3117 1738 3139 ⁷
1768 3120 1870 3157 uixa
1894 3118 1956 3158 C'.

351 3185 365 3205 ⁸
395 3198 497 3224 suas
516 3199 593 3225 om.
615 3186 651 3224 B
674 3217 683 3225 .
897 3185 911 3207 ⁹
930 3188 1041 3232 ‚from
1063 3186 1114 3224 Β.
1137 3186 1168 3224 C
1188 3198 1197 3233 ;
1228 3185 1440 3224 dominus
1460 3187 1505 3224 et
1526 3187 1673 3224 cetera
1693 3198 1833 3235 usque
1855 3197 1957 3223 con-

351 3252 555 3291 turbauit
577 3265 648 3292 eos
670 3253 729 3292 M.
910 3251 940 3274 ¹⁰
968 3252 1113 3291 mouit
1134 3251 1182 3291 C.
