2175 3439
789 118 1076 187 Capitula.
1550 121 1761 174 clxxvii

656 306 922 342 CAPITULA
956 307 1103 342 LIBRI
1136 307 1208 344 V¹.

97 378 173 402 ιἈΓ.

100 428 132 462 1.
163 428 218 462 Ut
238 426 446 462 oidiluald
466 435 674 461 successor
692 426 912 461 Cudbcrcti
937 426 980 460 in
1001 426 1294 462 anachoretica
1311 427 1413 471 uita,
1433 428 1654 463 laboranti-

1690 382 1767 406 ΓΔΗ,

247 477 324 511 bus
342 477 386 511 in
406 476 514 511 mari
531 476 741 519 fratribus,
762 479 1052 519 tempestatem
1071 479 1227 511 orando
1243 478 1450 511 sedauerit
1644 506 1651 513 .
1708 482 1766 512 281

101 540 154 576 ΙΙ.
185 541 242 575 Ut
261 539 471 583 episcopus
491 539 700 574 Iohannes
718 541 884 574 mutum
902 540 1184 574 benedicendo
1203 540 1414 575 curaucrit
1709 546 1769 575 282

101 604 178 639 ΙΙΙ.
208 604 266 638 Ut
283 604 467 647 puellam
485 603 754 646 languentem
775 604 931 637 orando
949 603 1163 638 sanauerit
1647 632 1653 639 .
1710 609 1771 647 285

101 667 170 702 IV.
202 668 258 702 Ut
275 667 494 711 coniugem
513 666 676 701 comitis
695 665 908 700 infirmam
927 677 1035 710 aqua
1051 666 1270 701 benedicta
1288 667 1498 701 curauerit
1529 695 1537 702 .
1644 694 1651 702 .
1707 672 1772 701 280

101 731 147 765 V.
179 731 236 765 Ut
253 730 353 765 item
371 741 547 774 puerum
565 729 726 765 comitis
744 731 900 764 orando
919 741 944 764 a
961 733 1093 764 morte
1112 730 1372 765 reuocaucrit
1417 757 1425 765 .
1645 757 1653 765 .
1709 735 1772 765 288

101 794 170 828 VI.
200 795 257 829 Ut
274 794 471 829 clericum
490 804 611 828 suum
629 794 812 828 cadendo
831 793 1070 837 contritum,
1091 805 1219 837 aeque
1245 795 1401 828 orando
1419 805 1467 828 ac
1493 794 1657 829 benedi-

249 845 379 879 cendo
397 854 422 878 a
439 846 571 878 morte
595 843 858 878 reuocauerit
1644 870 1651 878 .
1707 846 1772 888 289

101 908 195 943 VII.
224 908 282 942 Ut
329 907 552 942 Caedualla
607 917 680 941 rex
733 906 1067 942 Occidentalium
1123 906 1333 941 Saxonum
1385 906 1658 949 baptizandus

250 958 425 991 Romam
443 956 629 1000 uenerit3
657 957 726 991 sed
755 959 796 991 et
822 967 1030 991 successor
1059 956 1146 991 eius
1176 956 1245 990 Ini
1271 957 1414 991 cadem
1446 957 1658 991 beatorum

248 1007 527 1050 apostolorum
544 1006 695 1040 limina
713 1006 887 1040 deuotus
904 1006 1055 1040 adierit
1080 1034 1088 1041 .
1647 1033 1654 1040 .
1709 1018 1773 1049 202

101 1071 217 1105 VIII.
246 1070 304 1105 Ut
334 1069 546 1105 Theodoro
581 1070 779 1105 defuncto
811 1069 1188 1113 archiepiscopatus
1222 1070 1399 1113 gradum
1435 1069 1658 1104 Berctuald

249 1119 498 1164 susceperit-,3
527 1121 568 1154 et
585 1119 696 1154 inter
722 1119 934 1162 plurimos,
956 1130 1056 1163 quos
1080 1119 1306 1163 ordinauit⁷
1332 1119 1459 1153 etiam
1490 1118 1658 1153 Tobiam

248 1169 390 1204 uirum
409 1168 697 1204 doctissimum
716 1169 912 1203 Hrofensi
930 1169 1124 1204 ecclesiae
1143 1169 1287 1203 fecerit
1305 1168 1541 1203 antistitem
1645 1195 1652 1203 .
1709 1180 1774 1215 294

102 1234 174 1268 lx.
204 1233 261 1268 Ut
275 1233 478 1277 Ecgberct
492 1232 561 1267 uir
575 1235 745 1267 sanctus
759 1233 812 1266 ad
827 1232 1155 1276 praedicandum
1170 1232 1214 1266 in
1231 1232 1501 1267 Germaniam
1515 1232 1660 1267 uenire

249 1283 440 1327 uoluerit,
474 1294 551 1317 nec
580 1282 762 1317 ualuerit
780 1295 787 1326 ;
823 1293 945 1326 porro
977 1282 1189 1317 Uictberct
1223 1281 1442 1316 aduenerit
1478 1281 1658 1327 quidem,

249 1333 321 1367 sed
340 1332 439 1376 quia
464 1343 541 1367 nec
566 1331 653 1375 ipse
680 1331 840 1376 aliquid
861 1331 1108 1376 profecisset,
1138 1342 1305 1366 rursum
1329 1331 1374 1366 in
1402 1330 1658 1377 Hiberniam,

250 1383 362 1416 unde
380 1384 565 1427 uenerat,
585 1381 757 1417 redierit
1646 1408 1653 1416 .
1709 1383 1778 1427 296

103 1448 152 1481 X.
182 1446 239 1481 Ut
257 1445 451 1480 Uilbrord
479 1445 526 1480 in
553 1445 693 1480 Fresia
719 1445 964 1489 praedicans
992 1445 1147 1480 multos
1173 1445 1227 1479 ad
1251 1444 1465 1480 Christum
1493 1455 1663 1479 conuer-

250 1495 349 1530 terit
363 1508 370 1539 3
398 1498 439 1530 et
456 1498 505 1530 ut
521 1495 621 1530 socii
639 1495 726 1530 eius
745 1495 955 1530 Heuualdi
972 1495 1058 1530 sint
1075 1495 1326 1538 martyrium
1344 1494 1453 1538 passi
1649 1521 1657 1529 .
1712 1496 1777 1539 298

103 1560 175 1595 XI.
205 1560 263 1595 Ut
280 1559 363 1594 uiri
376 1559 635 1594 uenerabiles
649 1559 869 1594 Suidberct
883 1558 929 1593 in
946 1558 1179 1603 Brittaniis,
1196 1558 1391 1593 Uilbrord
1406 1558 1559 1593 Romae
1575 1558 1661 1593 sint

251 1610 297 1644 in
315 1609 500 1644 Fresiam
518 1609 703 1643 ordinati
721 1609 898 1652 episcopi
1649 1635 1657 1642 .
1713 1620 1773 1651 301

103 1673 199 1708 XII.
230 1673 288 1708 Ut
322 1672 493 1717 quidam
527 1672 573 1707 in
607 1671 824 1716 prouincia
855 1672 1300 1715 Nordanhymbrorum
1334 1681 1360 1705 a
1393 1671 1568 1705 mortuis
1602 1681 1663 1705 re·

251 1733 424 1767 surgens
457 1723 595 1757 multa
628 1724 669 1757 et
699 1723 920 1757 tremenda
953 1724 995 1757 et
1030 1722 1313 1765 desideranda,
1345 1732 1450 1764 quae
1484 1721 1660 1765 uiderat,

251 1772 489 1808 narrauerit
1651 1797 1659 1805 ·
1714 1782 1776 1813 303

104 1837 223 1872 XIII.
253 1837 311 1871 Ut
329 1838 499 1871 econtra
516 1836 622 1872 alter
639 1836 692 1871 ad
718 1837 896 1870 mortem
914 1835 1088 1871 ueniens
1106 1835 1294 1869 oblatum
1317 1834 1394 1869 sibi
1413 1845 1438 1869 a
1456 1833 1664 1869 daemoni-

251 1887 328 1921 bus
346 1886 531 1921 codicem
551 1897 720 1920 suorum
738 1886 892 1921 uiderit
908 1888 1173 1929 peccatorum
1200 1912 1208 1920 .
1656 1910 1665 1918 .
1719 1895 1776 1926 311

104 1951 214 1986 XIV.
243 1951 302 1985 Ut
318 1950 420 1986 item
437 1950 544 1985 alius
569 1949 798 1985 moriturus
822 1951 1071 1993 deputatum
1097 1948 1176 1984 sibi
1202 1949 1314 1992 apud
1343 1948 1498 1984 inferos
1523 1948 1663 1982 locum

251 2011 482 2044 poenarum
500 2000 655 2035 uiderit
1657 2023 1666 2032 .
1719 2009 1779 2040 313

103 2065 190 2100 XV.
218 2065 277 2100 Ut
301 2064 506 2108 plurimae
534 2064 771 2099 Scottorum
798 2062 1003 2107 ecclesiae,
1029 2062 1217 2098 instante
1242 2061 1501 2106 Adamnan0‚
1528 2061 1667 2096 catho-

251 2114 381 2149 licum
398 2114 553 2158 pascha
571 2113 828 2157 susceperint
843 2126 850 2158 ;
877 2116 1006 2157 utque
1020 2112 1132 2147 idem
1150 2112 1306 2147 librum
1325 2113 1374 2147 de
1393 2111 1492 2146 locis
1511 2111 1665 2146 sanctis

251 2164 465 2207 scripserit
513 2190 522 2198 .
1658 2187 1666 2195 ·
1721 2170 1781 2202 315

104 2228 214 2263 XVI.
244 2227 357 2268 Quae
375 2227 421 2261 in
440 2228 583 2262 eodem
599 2227 706 2261 libro
730 2227 780 2261 de
807 2226 897 2261 loco
922 2226 1154 2261 dominicae
1181 2224 1432 2269 natiuitatis,
1451 2223 1663 2268 passionis,

252 2280 294 2312 et
311 2277 629 2322 resurrectionis
647 2276 1037 2312 commemorauerit
1081 2303 1090 2310 .
1656 2300 1664 2308 .
1717 2283 1781 2316 317

103 2341 237 2376 XVII.
267 2341 379 2383 Quae
398 2341 500 2376 item
520 2342 570 2376 de
587 2341 676 2376 loco
694 2340 949 2376 ascensionis
968 2339 1200 2375 dominicae
1227 2341 1269 2374 et
1293 2337 1522 2382 sepulchris
1539 2337 1665 2381 patri-

251 2392 477 2426 archarum
512 2418 521 2426 .
1652 2413 1660 2421 .
1715 2388 1780 2429 318

104 2455 261 2491 XVIII.
292 2456 348 2490 Ut
372 2455 590 2490 Australes
617 2456 798 2490 Saxones
826 2453 1034 2498 episcopos
1059 2452 1297 2496 acceperint
1322 2451 1602 2486 Eadberctum
1625 2453 1666 2484 et

252 2506 415 2549 Eallan‚
436 2505 722 2540 Occidentales
740 2504 990 2540 Danihelem
1008 2505 1048 2538 et
1061 2503 1333 2538 Aldhelmum
1350 2514 1357 2546 3
1386 2504 1426 2536 et
1441 2502 1490 2535 de
1502 2499 1666 2543 scriptis

252 2555 437 2591 eiusdem
456 2555 671 2590 Aldhelmi
1655 2576 1662 2583 .
1717 2559 1782 2591 320

104 2620 218 2655 XIX.
247 2619 306 2654 Ut
325 2619 502 2655 Coinred
521 2618 772 2654 Merciorum
799 2621 840 2654 et
866 2618 959 2653 offa
978 2616 1258 2652 Orientalium
1285 2615 1498 2649 Saxonum
1521 2624 1594 2648 rex
1620 2612 1665 2646 in

250 2669 496 2704 monachico
514 2669 663 2704 habitu
681 2670 835 2703 Romae
854 2668 989 2702 uitam
1008 2666 1217 2709 finierint;
1247 2667 1288 2699 et
1302 2666 1351 2699 de
1364 2664 1455 2698 uita
1469 2663 1534 2698 uel
1550 2662 1665 2696 obitu

252 2718 423 2754 Uilfridi
440 2719 619 2763 episcopi
638 2746 647 2754 .
752 2745 760 2754 .
865 2746 873 2754 .
977 2744 984 2752 .
1090 2742 1098 2751 .
1204 2742 1212 2750 .
1317 2740 1326 2748 .
1431 2740 1440 2748 .
1545 2738 1552 2746 .
1656 2738 1664 2746 .
1719 2722 1777 2753 32¹

104 2783 193 2818 XX.
223 2783 282 2818 Ut
299 2782 489 2826 religioso
507 2782 649 2817 abbati
667 2781 884 2817 Hadriano
901 2780 1092 2824 Albinus,
1113 2778 1293 2814 Uilfrido
1311 2777 1357 2811 in
1381 2775 1666 2820 episcopatum

251 2833 364 2868 Acca
381 2832 624 2868 successerit
1081 2855 1090 2864 .
1425 2853 1434 2861 .
1539 2851 1548 2859 .
1653 2851 1661 2858 .
1717 2835 1782 2866 330

105 2896 217 2932 XXI.
247 2897 305 2932 Ut
323 2896 504 2932 Ceolfrid
528 2896 653 2931 abbas
677 2895 765 2940 regi
789 2895 1001 2930 Pictorum
1029 2892 1280 2928 architectos
1304 2889 1510 2933 ecclesiae,
1540 2887 1665 2923 simul

251 2948 294 2981 et
312 2946 533 2990 epistulam
552 2947 602 2981 de
620 2945 826 2981 catholico
843 2944 999 2988 pascha
1013 2943 1081 2978 uel
1101 2943 1150 2977 de
1167 2944 1342 2976 tonsura
1359 2938 1522 2974 miserit
1541 2964 1550 2973 .
1656 2964 1663 2972 .
1718 2948 1780 2979 332

146 3087 160 3112 1
184 3089 236 3119 At
261 3087 324 3118 the
353 3086 421 3118 end
452 3087 490 3118 of
519 3087 582 3118 the
608 3088 688 3118 text
713 3086 753 3117 of
783 3085 885 3117 Book
911 3084 982 3116 IV:
1017 3083 1126 3114 Liber
1154 3082 1308 3121 quartus
1337 3078 1496 3119 explicit.
1529 3077 1660 3117 incipit
1688 3076 1782 3107 liber

103 3130 266 3171 quintus,
292 3130 341 3162 M.
387 3131 442 3170 So,
466 3129 601 3169 adding
623 3129 801 3170 kapitula,
821 3129 863 3160 B.
918 3127 1029 3166 Expl.
1050 3126 1115 3157 lib.
1141 3124 1229 3155 1111.
1254 3124 1340 3153 haec
1365 3121 1603 3151 continentur
1626 3120 1662 3150 in
1688 3119 1781 3149 libro

103 3172 234 3212 quinto
249 3172 334 3205 hist.
349 3172 434 3205 eccl.
449 3172 567 3212 gentis
582 3172 782 3211 anglorum,
798 3171 842 3203 N.
878 3169 1067 3209 Incipiunt
1082 3167 1243 3207 capitula
1259 3165 1342 3196 libri
1359 3163 1491 3204 quinti,
1509 3163 1547 3194 C.

159 3236 189 3290 †
218 3248 312 3276 vot.
333 3247 366 3276 1.
951 3243 983 3274 Β
