2240 3444
82 287 144 322 He
165 297 257 323 con-

80 339 193 373 verts
212 337 285 373 the

79 387 288 423 northern

81 437 204 472 Irish.

82 1624 158 1659 His
172 1624 275 1659 book
287 1635 340 1660 on

81 1675 155 1709 the
174 1674 283 1718 Holy

81 1725 233 1760 Places.

372 125 482 179 316
827 124 1095 180 Historia
1132 125 1522 180 Ecclesiastica
1793 134 1902 189 [Lm.
1927 140 1978 180 V.

373 269 557 336 perat¹,
582 272 820 322 ueritatis
840 272 1023 322 callem
1040 274 1331 337 perducere,
1354 291 1450 323 nec
1470 273 1653 323 ualuit.
1696 273 1979 337 Nauigauit

377 356 692 405 Hiberniam
708 355 737 418 2,
761 358 813 405 et
828 357 1132 420 praedicans
1152 357 1239 419 eis,
1266 374 1322 406 ac
1343 358 1578 406 modesta
1595 357 1978 406 exhortatione3

376 439 644 489 declarans
670 440 968 502 legitimum
994 441 1214 503 paschae
1243 443 1465 505 tempus,
1495 439 1753 503 plurimos
1778 457 1975 502 eorum,

376 525 427 571 et
451 540 586 585 pene
613 540 809 585 omnes,
842 525 932 586 qui
963 524 1026 573 ab
1053 523 1337 572 Hiensium
1373 522 1608 572 dominio
1635 525 1781 571 erant
1806 523 1972 585 liberi,

375 604 439 653 ab
465 623 635 654 errore
666 607 808 655 auito
839 609 1107 669 correctos,
1138 608 1201 656 ad
1237 607 1499 655 unitatem
1529 606 1736 654 reduxit
1768 606 1978 655 catholi—

373 706 500 751 cam,
526 706 582 738 ac
603 690 902 753 legitimum
921 690 1140 753 paschae
1159 692 1369 753 tempus
1390 690 1666 738 obseruare
1685 689 1970 752 perdocuit.

374 773 475 835 Qui
514 790 634 822 cum
674 773 933 822 celebrato
976 774 1033 822 in
1073 774 1330 822 Hibernia
1369 775 1616 822 canonico
1658 774 1863 836 pascha,
1911 775 1977 823 ad

372 874 522 906 suam
556 857 788 906 insulam
828 858 1140 920 reuertisset,
1172 874 1368 921 suoque
1405 857 1726 906 monasterio
1764 858 1977 907 catholi-

373 957 487 988 cam
507 941 524 964 4
566 940 820 1003 temporis
867 941 1126 1004 paschalis
1175 941 1560 989 obseruantiam
1597 940 1980 989 instantissime

374 1023 705 1087 praedicaret,
771 1040 867 1071 nec
919 1026 1099 1072 tamen
1159 1024 1419 1087 perficere,
1476 1024 1614 1088 quod
1676 1025 1974 1086 conabatur,

374 1110 563 1170 posset,
618 1107 837 1170 contigit
886 1124 1009 1155 eum
1058 1110 1181 1156 ante
1233 1108 1501 1171 expletum
1550 1107 1674 1156 anni
1725 1108 1981 1157 circulum

375 1190 626 1254 migrasse
643 1191 659 1215 5
680 1191 743 1238 de
765 1191 983 1240 saeculo.
1045 1191 1243 1239 Diuina
1262 1192 1445 1255 utique
1465 1191 1629 1254 gratia
1650 1191 1975 1255 disponente,

374 1276 433 1323 ut
467 1274 550 1322 uir
579 1273 801 1322 unitatis
833 1291 891 1322 ac
928 1274 1069 1337 pacis
1102 1274 1518 1323 studiosissimus
1552 1277 1674 1323 ante
1711 1275 1776 1324 ad
1813 1275 1982 1324 uitam

375 1359 643 1421 raperetur
675 1360 958 1419 aeternam,
991 1375 1148 1421 quam
1179 1358 1432 1407 redeunte
1460 1360 1698 1421 ’tempore
1731 1358 1975 1421 paschali,

375 1441 669 1504 grauiorem
700 1458 820 1489 cum
852 1442 938 1502 eis,
983 1441 1073 1505 qui
1107 1459 1228 1490 eum
1258 1442 1322 1490 ad
1352 1442 1632 1490 ueritatem
1663 1441 1811 1505 sequi
1845 1441 1984 1490 nole-

375 1525 516 1586 bant,
550 1526 818 1588 cogeretur
841 1524 1034 1573 habere
1059 1525 1386 1575 discordiam.

445 1607 664 1671 Scripsit
697 1608 839 1657 idem
874 1608 957 1656 uir
983 1609 1046 1658 de
1076 1609 1204 1657 locis
1229 1609 1424 1658 sanctis
1459 1609 1659 1657 librum
1684 1608 1982 1672 legentibus

374 1692 560 1740 multis
603 1691 931 1753 utillimum;
970 1693 1117 1741 cuius
1154 1695 1332 1741 auctor
1369 1695 1479 1742 erat
1517 1692 1750 1742 docendo
1789 1709 1845 1741 ac
1890 1693 1982 1741 dic-

374 1777 528 1824 tando
558 1776 844 1827 Galliarum
870 1774 1114 1839 episcopus
1136 1776 1432 1840 Arcmclfus,
1458 1777 1546 1840 qui
1569 1779 1791 1826 locorum
1817 1776 1982 1840 gratia

374 1864 664 1910 sanctorum
707 1862 922 1909 uenerat
965 1860 1408 1925 Hierosolymam,
1455 1864 1506 1910 et
1544 1860 1797 1910 lustratass
1837 1861 1984 1910 omni

374 1947 512 1992 terra
542 1943 976 2006 repromissionis,
1009 1945 1325 1994 Damascum
1360 1962 1580 2008 quoque,
1617 1945 1983 1994 Constantino·

374 2027 553 2090 polim,
608 2027 998 2090 Alexandriam,
1053 2028 1249 2077 multas
1298 2029 1457 2078 maris
1505 2028 1707 2076 insulas
1754 2028 1982 2090 adierat;

374 2110 700 2174 patriamque
739 2112 949 2174 nauigio
982 2114 1262 2174 reuertens,
1306 2112 1362 2160 ui
1400 2112 1728 2175 tempestatis
1764 2111 1821 2159 in
1860 2111 1984 2160 occi-

375 2191 605 2240 dentalia
639 2191 931 2240 Brittaniae
961 2191 1112 2240 litora
1150 2192 1383 2241 delatus⁷
1432 2195 1509 2240 est
1535 2210 1546 2253 3
1589 2209 1646 2240 ac
1671 2194 1790 2255 post
1812 2192 1983 2241 multa

374 2275 439 2323 ad
476 2278 826 2323 memoratum
864 2275 1061 2324 Christi
1096 2275 1359 2324 famulum
1396 2276 1775 2324 Adamnanum
1808 2292 1983 2338 perue-

374 2359 540 2421 niens,
571 2358 663 2407 ubi
697 2359 880 2407 doctus
905 2359 961 2406 in
993 2359 1280 2422 scripturis,
1314 2361 1717 2423 sanctorumque
1749 2359 1983 2408 locorum

377 2459 570 2506 gnarus
619 2459 731 2491 esse
780 2445 1062 2506 conpertus
1110 2445 1200 2504 est,
1250 2442 1600 2491 libentissime
1647 2445 1725 2491 est
1773 2443 1838 2492 ab
1887 2442 1981 2491 illo

382 2523 387 2589 Ι
422 2528 705 2589 susceptus,
751 2526 1004 2574 libentius
1046 2526 1285 2588 auditus3
1330 2528 1457 2576 adeo
1495 2529 1568 2588 ut,
1615 2543 1851 2589 quaeque
1889 2526 1982 2575 ille

375 2626 429 2658 se
454 2609 510 2658 in
543 2609 670 2658 locis
703 2609 899 2658 sanctis
932 2612 1227 2659 memoratu
1259 2610 1417 2673 digna
1449 2610 1644 2659 uidisse
1675 2609 1977 2672 testabatur,

375 2695 561 2742 cuncta
608 2710 732 2743 mox
788 2693 886 2742 iste
939 2693 1130 2742 litteris
1180 2694 1428 2742 mandare
1483 2692 1756 2743 curauerit.
1822 2693 1985 2742 Fecit·

378 2794 478 2841 que
527 2794 669 2840 opus,
725 2779 785 2826 ut
833 2777 956 2839 dixi,
1011 2776 1228 2825 multisS
1285 2776 1430 2839 utile,
1475 2779 1528 2825 et
1575 2777 1805 2826 maxime
1852 2776 1975 2837 illis,

378 2862 469 2924 qui
506 2861 716 2924 longius
752 2861 816 2910 ab
855 2861 930 2910 eis
978 2861 1118 2923 locis,
1172 2860 1228 2908 in
1281 2860 1472 2923 quibus
1526 2861 1848 2924 patriarchae
1895 2861 1982 2909 uel

380 2945 603 3009 apostoli
652 2947 813 3007 erant,
859 2945 1056 3006 secreti,
1102 2961 1160 2993 ea
1202 2946 1414 2993 tantum
1457 2944 1522 2992 de
1564 2944 1661 3007 his,
1711 2961 1842 3008 quae
1889 2944 1983 2993 lec-

431 3093 445 3114 ²
475 3094 640 3144 suscip-
663 3092 723 3132 M.
746 3093 810 3133 Οἳ.
1144 3089 1160 3113 ²
1188 3092 1298 3142 hyb-
1320 3092 1377 3132 N.
1712 3091 1727 3114 ³
1756 3095 1899 3132 exort-
1920 3092 1979 3131 M.

377 3163 391 3186 ⁴
421 3166 685 3203 canonicam
706 3164 759 3204 N.
1070 3161 1086 3185 ⁵
1114 3163 1309 3213 migrare
1330 3163 1385 3204 N.
1687 3163 1703 3187 ⁶
1730 3163 1899 3203 lusstra
1920 3162 1981 3204 M.

377 3232 392 3255 ⁷
423 3234 487 3273 di·
510 3234 568 3273 M.
595 3233 659 3274 0¹.
681 3234 734 3273 N.
897 3232 911 3255 ⁸
939 3233 1138 3273 multum
1161 3233 1221 3275 M.

2013 1617 2212 1653 Adamna

2012 1678 2093 1703 nus
2111 1668 2161 1704 de

2012 1718 2130 1754 Locis

2013 1767 2190 1805 Sanctis.

2013 1818 2147 1856 Praef.

2012 2540 2040 2580 f.
2064 2553 2122 2577 112
2141 2540 2179 2579 b.
