2240 3444
133 1549 299 1593 Victory
318 1549 364 1584 of

127 1600 292 1635 Oswald
311 1603 355 1634 at

126 1650 314 1686 Denises-

126 1701 243 1735 burn.

430 123 534 190 128
882 133 1148 188 Historia
1189 133 1573 186 Ecclesiast‘iccc
1822 142 1931 195 [Lm.
1955 146 2031 184 111.

424 284 587 347 impia
634 300 809 342 manu,
864 283 955 331 sed
998 282 1137 330 iusta
1184 281 1386 330 ultione
1433 280 1666 344 peremit.
1745 281 1815 329 Et
1863 281 2034 343 primo

426 368 640 431 quidem
677 367 917 430 proxima
954 368 1150 414 aestate
1195 365 1448 426 Osricum,
1489 365 1616 412 dum
1658 381 1711 412 se
1749 364 1807 412 in
1843 365 2034 426 oppido

425 451 715 514 municipio
752 450 1025 499 temerarie
1064 449 1364 509 obsedisset,
1396 465 1678 510 erumpens
1710 448 1880 496 subito
1915 465 2033 497 cum

426 536 534 584 suis
583 534 829 583 omnibus
877 533 1175 595 inparatum
1219 549 1340 580 cum
1388 533 1498 580 toto
1549 532 1774 580 exercitu
1819 531 2027 580 deleuit.

425 619 561 667 Dein
589 636 707 666 cum
733 635 870 666 anno
896 617 1099 678 integro
1128 615 1424 678 prouincias
1450 616 2027 678 Nordanhymbrorum,

424 720 533 751 non
548 705 608 750 ut
629 719 716 749 rex
737 701 904 749 uictor
918 700 1216 762 possideret,
1244 700 1333 747 sed
1351 699 1499 762 quasi
1518 701 1774 762 tyrannus
1794 698 2032 747 saeuiens

424 786 758 849 disperderet,
790 801 847 832 ac
880 783 1074 847 tragica
1108 783 1262 831 caede
1295 782 1611 844 dilaceraret,
1654 783 1870 831 tandem
1900 783 2031 830 Ean-

421 870 620 918 fridum
669 867 967 916 inconsulte
1015 867 1079 915 ad
1130 883 1183 914 se
1232 883 1353 914 cum
1404 866 1516 914 XII
1570 866 1720 914 lectis
1767 866 2030 914 militibus

421 952 766 1016 postulandae
796 950 937 1014 pacis
973 949 1137 1013 gratia
1172 949 1493 1011 uenientem,
1526 950 1690 998 simili
1721 952 1861 998 sorte
1891 950 2029 999 dam-

422 1037 581 1085 nauit.
660 1035 935 1083 Infaustus
959 1034 1051 1081 ille
1082 1050 1269 1094 annus,
1301 1035 1353 1082 et
1386 1034 1632 1082 omnibus
1660 1033 1815 1082 bonis
1845 1051 2030 1082 exosus

422 1137 587 1183 usque
612 1118 766 1167 hodie
795 1119 1082 1181 permanet,
1115 1119 1225 1165 tam
1254 1119 1468 1179 propter
1496 1117 1811 1179 apostasiam
1844 1135 2028 1180 regum

422 1204 734 1266 Anglorum,
769 1218 871 1264 qua
907 1217 962 1248 se
997 1200 1120 1248 fidei
1156 1201 1497 1248 sacramentis
1529 1206 1778 1249 exuerant
1798 1199 1826 1260 ¹,
1871 1219 2028 1264 quam

421 1289 632 1351 propter
650 1301 900 1333 uesanam
915 1284 932 1308 ‘2
953 1284 1244 1332 Brettonici
1263 1284 1398 1347 regis
1424 1284 1759 1347 tyrannidem
1780 1286 1808 1333 ³.
1871 1286 2028 1335 Unde

421 1369 622 1418 cunctis
677 1369 874 1432 placuit
927 1385 1111 1431 regum
1165 1370 1404 1430 tempora
1454 1369 1893 1431 computantibus,
1949 1373 2020 1430 ut,

421 1454 592 1502 ablata
641 1454 705 1501 de
744 1452 918 1500 medio
968 1469 1151 1514 regum
1200 1452 1519 1514 perfidorum
1566 1452 1834 1514 memoria,
1883 1453 2027 1502 idem

419 1553 590 1585 annus
617 1536 885 1599 sequentis
910 1535 1059 1599 regIs,
1085 1536 1138 1583 id
1165 1538 1245 1583 est
1275 1535 1490 1584 Osualdi
1510 1535 1539 1597 4,
1565 1536 1668 1584 uiri
1695 1536 1804 1584 Deo
1830 1536 2020 1598 dilecti,

420 1638 582 1683 regno
617 1620 981 1683 adsignaretur
1007 1638 1017 1680 3
1057 1637 1171 1682 quo,
1204 1620 1321 1681 post
1350 1618 1662 1667 occisionem
1692 1619 1867 1667 fratris
1896 1620 2028 1669 Ean-

419 1704 558 1766 fridi,
619 1703 1020 1766 superueniente
1076 1720 1197 1750 cum
1256 1719 1417 1765 paruo
1475 1702 1717 1764 exercitu,
1780 1704 1869 1752 sed
1923 1704 2027 1752 fide

418 1788 614 1837 Christi
633 1787 854 1848 munito,
881 1787 1133 1834 infandus
1153 1788 1473 1834 Brettonum
1494 1787 1600 1835 dux
1626 1804 1747 1835 cum
1766 1787 2026 1836 inmensis

416 1871 523 1920 illis
561 1871 734 1934 copiis,
778 1870 971 1933 quibus
1004 1870 1141 1918 nihil
1179 1870 1422 1919 resistere
1458 1887 1608 1932 posse
1641 1868 1646 1936 l
1679 1871 1916 1931 iactabat,
1952 1872 2026 1920 in-

350 1948 352 1950 ’
416 1958 673 2004 teremtus
712 1957 791 2002 est
834 1954 892 2002 in
928 1954 1056 2014 loco,
1100 1954 1191 2016 qui
1226 1954 1408 2017 lingua
1445 1954 1744 2017 Anglorum
1782 1956 2025 2004 Denises-

121 2583 237 2618 Oross

119 2634 281 2668 erected
304 2634 356 2676 by

121 2683 284 2718 oswald

120 2732 255 2768 before
275 2734 319 2767 th
327 2745 347 2767 e

122 2783 262 2820 battle,

416 2039 585 2087 burna
601 2040 631 2100 5,
663 2038 716 2086 id
743 2040 821 2086 est
848 2037 995 2086 riuus
1022 2037 1221 2099 Denisi,
1253 2040 1482 2086 uocatur.

1076 2222 1231 2271 CAP.
1276 2222 1350 2271 Π.

421 2338 466 2374 Ut
485 2339 530 2374 cle
557 2339 660 2384 liquo
680 2337 817 2384 crucis,
842 2337 941 2380 quod
971 2336 1073 2371 idem
1102 2346 1168 2370 ‘rex
1197 2337 1328 2371 contra
1359 2337 1542 2371 barbaros
1560 2339 1818 2381 puynaturus
1841 2341 2018 2385 erexeras,

489 2405 587 2440 inter
608 2405 824 2440 innumera
846 2403 1066 2439 sanitatum
1087 2402 1294 2449 miracula,
1319 2403 1484 2446 quidam
1504 2414 1529 2437 α
1549 2403 1710 2439 dolentis
1731 2405 1879 2440 brachii
1898 2405 1949 2440 sil

1049 2468 1203 2513 langore
1222 2470 1396 2505 curatus.

483 2568 855 2616 OSTENDITURG
888 2568 1065 2614 autem
1091 2582 1255 2628 usque
1284 2566 1449 2627 hodie,
1483 2569 1534 2615 et
1567 2566 1622 2614 in
1652 2584 1842 2630 magna
1874 2585 2024 2616 uene-

413 2651 614 2699 ratione
632 2651 855 2699 habetur
874 2650 1019 2697 locus
1039 2649 1142 2710 ille,
1170 2649 1260 2697 ubi
1279 2651 1534 2697 uenturus
1555 2651 1617 2698 ad
1639 2650 1771 2698 hanc
1788 2668 2022 2714 pugnam

412 2735 608 2783 Osuald
636 2734 848 2797 signum
882 2734 1087 2781 sanctae
1122 2732 1286 2780 crucis
1320 2732 1494 2794 erexit,
1534 2749 1590 2781 ac
1624 2734 1773 2782 flexis
1798 2735 2021 2797 genibus

413 2818 619 2865 Deum⁷
659 2819 963 2879 deprecatus
1001 2819 1093 2876 est,
1135 2818 1194 2863 ut
1228 2816 1283 2863 in
1318 2818 1464 2864 tanta.
1502 2833 1678 2865 rerum
1712 2818 2019 2866 necessitate

411 2901 517 2948 suis
558 2901 845 2949 cultoribus
886 2899 1095 2948 caelesti
1135 2901 1459 2947 succurreret
1496 2900 1701 2949 auxilio.
1779 2901 2019 2963 Denique

467 3025 477 3047 ¹
512 3028 635 3064 -runt
651 3024 716 3064 13¹.
821 3024 835 3046 ²
864 3026 1101 3063 uesaniam
1118 3024 1175 3062 M.
1193 3024 1329 3072 C.H1.
1430 3027 1442 3046 ³
1471 3026 1734 3074 tyranniam
1758 3025 1808 3064 N.
1907 3025 1921 3047 4
1952 3039 2018 3065 os-

411 3091 565 3128 uualdi
586 3091 631 3130 O.
746 3092 760 3113 ⁵
790 3091 982 3129 daenises
1002 3091 1146 3128 burna
1169 3091 1200 3129 O
1223 3103 1232 3138 3
1262 3090 1466 3129 denisaos
1486 3092 1667 3130 brunna
1690 3092 1741 3131 N.
1864 3092 1879 3115 ⁶
1910 3095 2020 3130 There

412 3160 445 3193 is·
476 3170 522 3194 no
554 3160 667 3195 break
696 3161 850 3195 between
881 3161 1009 3203 chaps.
1032 3160 1060 3195 i.
1083 3161 1165 3195 and
1187 3160 1227 3194 ii.
1250 3159 1294 3195 in
1323 3160 1379 3195 the
1401 3161 1473 3196 text
1491 3160 1536 3204 os
1549 3158 1595 3196 C.
1656 3161 1728 3196 The
1752 3162 1841 3196 next
1868 3162 2021 3205 chapter

412 3225 444 3259 is
463 3227 670 3260 mm'nbcrecl
691 3226 734 3262 z‘c’.
757 3227 800 3261 in
823 3227 908 3272 text,
931 3227 997 3261 but
1016 3226 1076 3262 iii.
1098 3226 1141 3261 in
1161 3226 1343 3269 capitula.
1413 3249 1420 3256 .
1486 3222 1498 3244 ⁷
1529 3223 1765 3262 dominum
1788 3224 1844 3262 M.

2056 1883 2083 1920 f.
2106 1894 2151 1929 45
2169 1895 2204 1922 a.
