2240 3444
92 2933 305 2970 'Pradition

390 107 499 158 136*
841 102 1108 156 Historia
1145 100 1536 155 Ecclesiastica
1786 109 1895 163 [Lm.
1916 114 1988 155 111.

385 252 588 300 incessu
614 255 808 312 uectus,
834 250 938 299 nisi
958 249 1002 298 si
1019 249 1185 298 maior
1203 249 1336 297 forte
1355 247 1637 297 necessitas
1657 247 1985 310 conpulisset,

387 336 620 396 solebat3
665 334 913 398 quatinus
960 334 1278 396 ubicumque
1316 332 1520 395 aliquos
1556 331 1641 379 uel
1684 331 1876 380 diuites
1905 331 1992 380 uel

385 436 639 482 pauperes
672 418 922 467 incedens
960 417 1256 479 aspexisset,
1289 415 1568 464 confestim
1598 415 1661 463 ad
1698 415 1796 463 hos
1830 414 1994 463 diuer-

386 504 517 564 tens,
571 502 659 549 uel
708 502 771 550 ad
815 500 940 549 fidei
983 499 1344 562 suscipiendae
1387 500 1786 559 sacramentum,
1830 499 1874 546 si
1915 499 1990 546 in-

385 586 567 634 fideles
593 587 781 647 essent,
812 585 1063 632 inuitaret
1089 602 1099 644 3
1138 583 1223 630 uel
1248 582 1291 631 si
1321 583 1514 642 fideles,
1546 581 1603 629 in
1632 583 1746 644 ipsa
1775 598 1860 630 eos
1890 582 1993 630 fide

386 669 713 729 confortaret,
752 665 760 733 Ι
793 669 948 730 atque
968 666 1031 714 ad
1053 666 1372 729 elimosynas
1392 682 1712 728 operumque
1730 665 1993 713 bonorum

387 752 790 813 exsecutionem,
821 753 875 799 et
900 749 1073 798 uerbis
1100 749 1348 797 excitaret
1375 750 1425 796 et
1451 749 1615 798 factis.

458 837 526 884 In
560 837 771 884 tantum
808 836 984 883 autem
1014 833 1125 881 uita
1158 833 1303 880 illius
1336 850 1365 882 a
1401 832 1570 880 nostri
1603 832 1854 895 temporis
1889 848 1994 895 seg-

386 920 518 968 nitia
555 919 794 979 distabat,
826 920 886 966 ut
917 934 1111 978 omnes,
1145 917 1236 979 qui
1275 934 1394 965 cum
1427 933 1485 964 eo
1518 915 1841 978 incedebant,
1881 915 1993 963 siue

385 1003 606 1064 adtonsi,
634 1019 725 1050 seu
745 1001 874 1063 laici,
899 1001 1142 1049 meditari
1163 1000 1424 1062 deberent,
1450 1001 1503 1048 id
1527 1002 1619 1061 est,
1644 1001 1734 1048 aut
1761 998 1993 1063 legendis

386 1086 671 1149 scripturis,
708 1088 797 1134 aut
836 1085 1054 1148 psalmis
1089 1081 1382 1133 discendis1
1417 1101 1627 1146 operam
1665 1084 1796 1132 dare.
1876 1084 1994 1132 Hoc

386 1172 493 1218 erat
536 1169 856 1217 cotidianum
899 1184 1029 1230 opus
1077 1168 1219 1215 illius
1259 1171 1311 1216 et
1351 1167 1604 1228 omnium,
1648 1167 1739 1229 qui
1777 1184 1896 1215 cum
1934 1184 1994 1215 eo

385 1256 548 1314 erant,
598 1252 916 1314 ubicumque
959 1252 1192 1299 locorum
1237 1251 1585 1300 deuenissent.
1662 1252 1732 1299 Et
1774 1251 1818 1299 si
1860 1251 1993 1299 forte

385 1337 646 1385 euenisset
664 1338 693 1397 2,
727 1337 864 1399 quod
891 1338 1071 1384 tamen
1105 1352 1218 1383 raro
1250 1335 1440 1392 euenit,
1468 1337 1527 1383 ut
1562 1336 1624 1384 ad
1655 1335 1792 1398 regis
1823 1334 1994 1382 conui-

386 1420 535 1468 uium
561 1423 847 1481 uocaretur,
880 1419 1108 1468 intrabat
1140 1437 1260 1467 cum
1286 1437 1391 1468 uno
1423 1420 1605 1468 clerico
1637 1422 1728 1467 aut
1754 1419 1958 1467 duobus
1981 1438 1992 1480 3

386 1506 450 1564 et,
504 1504 596 1551 ubi
643 1504 921 1567 paululum
974 1504 1315 1564 reficiebatur,
1370 1503 1681 1552 adcelerauit
1738 1503 1879 1550 ocius
1927 1503 1992 1550 ad

386 1587 669 1649 legendum
707 1604 828 1635 cum
862 1587 982 1649 suis,
1026 1588 1137 1636 siue
1175 1588 1239 1635 ad
1276 1588 1533 1636 orandum
1569 1586 1753 1649 egredi.
1832 1585 1994 1635 Cuius

388 1672 641 1734 exemplis
676 1672 949 1720 informati
986 1674 1223 1734 tempore
1266 1672 1358 1720 illo
1393 1671 1619 1733 religiosi
1661 1670 1854 1733 quique
1890 1670 1993 1718 uiri

387 1771 444 1802 ac
470 1755 698 1803 feminae
725 1756 1163 1804 consuetudinem
1193 1756 1428 1804 fecerunt
1454 1771 1545 1817 per
1568 1756 1739 1802 totum
1771 1771 1986 1815 annum,

387 1841 600 1901 excepta
647 1839 958 1887 remissione
1001 1839 1465 1903 quinquagesimae
1512 1838 1787 1900 paschalis,
1841 1837 1992 1885 IIIIa

385 1925 436 1970 et
475 1922 580 1971 VIa
620 1923 817 1971 sabbati
849 1923 1107 1971 ieiunium
1137 1924 1200 1972 ad
1236 1940 1433 1971 nonam
1463 1939 1627 1984 usque
1660 1922 1844 1970 horam
1879 1938 1991 1984 pro-

384 2006 558 2055 telare.
615 2006 921 2069 Numquam
943 2007 1197 2055 diuitibus
1217 2007 1433 2054 honoris
1453 2006 1564 2054 siue
1585 2005 1791 2054 timoris
1806 2005 1985 2068 gratia,

981 2131 991 2153 ,
1024 2091 1300 2151 reticebat3
1337 2091 1427 2139 sed
1464 2106 1643 2152 aspera
1668 2089 1786 2138 illos
1819 2089 1991 2137 inuec-

383 2173 526 2222 tione
551 2174 845 2236 corrigebat.
924 2175 1137 2223 Nullam
1156 2174 1457 2237 potentibus
1482 2173 1672 2221 saeculi
1696 2173 1985 2235 pecuniam,

385 2259 599 2319 excepta
636 2257 841 2305 solum4
878 2275 1003 2319 esca,
1040 2259 1214 2321 siquos
1252 2257 1479 2320 hospitio
1516 2257 1837 2320 suscepisset,
1880 2275 1991 2305 um-

385 2357 542 2403 quam
569 2342 688 2389 dare
713 2341 923 2402 solebat,
956 2343 1046 2390 sed
1081 2359 1140 2390 ea
1171 2342 1359 2404 potius,
1392 2358 1522 2403 quae
1553 2341 1652 2389 sibi
1681 2358 1710 2389 a
1736 2341 1990 2389 diuitibus

384 2424 595 2472 donaria
610 2424 950 2487 pecuniarum
969 2425 1333 2488 largiebantur,
1355 2425 1441 2473 uel
1460 2424 1517 2472 in
1534 2414 1982 2488 usus'pauperum,

383 2507 444 2552 ut
481 2504 726 2566 diximus,
765 2505 1105 2568 dispergebat,
1144 2505 1230 2553 uel
1267 2506 1331 2553 ad
1369 2505 1750 2553 redemtionem
1787 2522 1983 2567 eorum,

385 2587 475 2650 qui
534 2587 729 2636 iniuste
785 2589 993 2637 fuerant
1052 2589 1271 2642 uenditi,
1324 2588 1670 2651 dispensabat.
1749 2589 1989 2652 Denique

383 2089 531 2156 siqua
565 2090 946 2152 delinquissent
962 2091 977 2115 3

384 2671 594 2733 multos,
651 2689 780 2735 quos
823 2672 992 2735 pretio
1038 2674 1156 2721 dato
1200 2673 1502 2734 redemerat,
1552 2673 1812 2721 redemtos
1855 2675 1989 2735 post-

384 2756 604 2803 modum
649 2772 771 2804 suos
811 2756 1091 2819 discipulos
1134 2757 1269 2817 fecit,
1318 2758 1474 2818 atque
1510 2757 1574 2804 ad
1616 2756 1988 2805 sacerdotalem

385 2854 548 2900 usque
575 2840 795 2900 gradum
822 2840 1106 2888 erudiendo
1132 2841 1288 2902 atque
1314 2839 1639 2888 instituendo
1664 2841 1920 2903 prouexit.

456 2921 688 2969 Ferunt⁵
726 2924 917 2983 autem,
950 2923 1084 2985 quia,
1125 2940 1244 2971 cum
1283 2924 1346 2972 de
1387 2924 1654 2986 prouincia
1691 2924 1988 2972 Scottorum

437 3061 450 3082 ¹
484 3066 554 3100 lee
567 3066 657 3109 first
676 3076 695 3101 s
717 3066 760 3102 in
783 3064 1011 3103 discendis
1032 3069 1163 3103 erased
1182 3068 1225 3103 in
1247 3065 1293 3103 C.
1455 3064 1469 3086 ²
1500 3068 1545 3104 et
1568 3097 1575 3104 .
1603 3095 1611 3103 .
1632 3095 1641 3105 .
1667 3065 1892 3103 euenisset
1913 3078 1987 3104 om.

385 3127 446 3167 0¹.
586 3129 600 3150 ³
631 3130 928 3179 deliquissent
949 3131 993 3169 C.
1018 3131 1084 3169 13².
1226 3130 1240 3152 4
1271 3131 1415 3169 solum
1435 3132 1567 3171 modo
1589 3132 1634 3172 G.
1659 3129 1729 3170 B2.
1871 3131 1886 3152 ⁵
1917 3135 1989 3170 The

384 3198 500 3233 scribe
520 3198 561 3242 (ff
576 3196 627 3234 B.
649 3201 731 3235 ancl
744 3200 929 3244 probably
949 3200 994 3244 of
1009 3197 1051 3235 C.
1076 3201 1219 3244 cet-first
1241 3203 1347 3236 wrote
1368 3198 1567 3238 fuerunt.

2024 685 2050 721 f.
2073 695 2117 732 47
2134 686 2169 720 b.
