2240 3444
271 158 369 198 cm.
390 152 567 206 xva]
782 144 973 197 Gentis
1013 144 1356 213 Awylorum.
1788 146 1856 195 47

270 289 474 350 luendo,
517 289 738 339 uerbum
776 290 926 348 uitae,
973 289 1162 352 quibus
1200 291 1454 352 poterant,
1499 290 1852 351 praedicando,

269 375 453 421 cuncta
473 373 628 421 huius
652 372 837 420 mundi
858 372 1003 419 uelut
1027 372 1197 419 aliena
1216 371 1521 433 spernendo,
1548 389 1605 419 ea
1630 374 1853 431 tantuin,

270 472 399 517 quae
418 455 582 502 uictui
601 454 884 502 necessaria
903 454 1224 514 uidebantur,
1251 454 1314 502 ab
1336 453 1423 513 eis,
1446 471 1575 515 quos
1592 454 1853 513 docebant,

267 538 577 599 accipiendo,
604 537 892 585 secundum
913 553 982 597 ea,
1010 553 1140 598 quae
1165 537 1427 596 docebant,
1455 536 1553 599 ipsi
1578 554 1669 598 per
1687 538 1863 584 omnia

269 621 510 680 uiuendo,
551 622 602 668 et
640 621 881 681 paratum
918 620 981 667 ad
1025 618 1331 681 patiendum
1361 620 1578 667 aduersa
1613 636 1855 681 quaeque,

269 703 354 751 uel
404 703 562 750 etiam
610 701 944 750 moriendum
992 719 1085 764 pro
1140 718 1209 762 ea,
1265 718 1422 764 quam
1479 701 1856 763 praedicabant,

269 786 488 833 ueritate
513 784 750 832 animum
776 784 1028 833 habendO.
1108 784 1241 844 Quid
1262 800 1406 831 mora
1423 786 1449 832 ⁸?
1520 783 1861 832 Crediderunt

269 867 513 916 nonnulli
550 868 600 914 et
636 866 1044 928 baptizabantur,
1076 866 1328 914 mirantes
1365 864 1757 927 simplicitatem
1790 867 1861 913 in-

268 950 504 998 nocentis
524 949 674 1008 uitae,
699 965 755 996 ac
781 948 1111 998 dulcedinem
1133 948 1392 996 doctrinae
1413 965 1591 996 eorum
1612 949 1856 997 caelestis.

267 1033 393 1081 Erat
418 1034 593 1080 autem
618 1048 775 1094 prope
801 1032 968 1094 ipsam
994 1031 1260 1079 ciuitatem
1286 1031 1349 1078 ad
1376 1031 1628 1078 orientem
1654 1031 1863 1079 ecclesia

270 1115 327 1162 in
350 1116 601 1163 honorem
633 1114 798 1162 sancti
822 1114 1036 1162 Martini
1060 1113 1350 1175 antiquitus
1374 1113 1520 1174 facta,
1546 1113 1672 1161 dum
1696 1114 1861 1161 adhuc

269 1198 492 1246 Romani
530 1197 846 1246 Brittaniam
887 1196 1190 1257 incolerent,
1236 1196 1292 1244 in
1329 1212 1431 1258 qua
1471 1196 1660 1258 regina,
1706 1213 1863 1258 quam

269 1280 622 1329 Christianam
655 1280 816 1327 fuisse
851 1279 1216 1341 praediximus,
1259 1295 1401 1326 orare
1437 1280 1719 1327 consuerat.
1797 1278 1863 1325 In

266 1363 361 1411 hac
387 1380 507 1426 ergo
534 1364 585 1410 et
602 1362 704 1424 ipsi
729 1362 899 1424 primo
919 1361 1211 1422 conuenire,
1237 1360 1469 1423 psallere,
1495 1377 1653 1422 orare,
1680 1360 1864 1408 missas

267 1446 447 1507 facere,
478 1445 781 1507 praedicare,
814 1447 866 1493 et
898 1444 1155 1506 baptizare
1187 1445 1501 1506 coeperunt3
1540 1444 1715 1504 donec,
1746 1460 1865 1505 rege

273 1529 336 1577 ad
373 1529 533 1576 fidem
576 1544 838 1588 conuerso,
886 1527 1138 1575 maiorem
1173 1526 1505 1589 praedicandi
1542 1544 1634 1588 per
1672 1527 1859 1585 onmia,

272 1614 323 1660 et
354 1611 590 1659 ecclesias
615 1610 904 1659 fabricandi
929 1609 1016 1657 uel
1040 1609 1364 1658 restaurandi
1390 1609 1655 1657 licentiam
1680 1609 1866 1671 accipe-

269 1697 400 1743 rent.

333 1779 407 1825 At
432 1777 524 1825 ubi
548 1776 658 1838 ipse
691 1775 849 1823 etiam
881 1775 1018 1823 inter
1041 1774 1169 1823 alios
1194 1773 1474 1822 delectatus
1500 1774 1608 1823 uita
1632 1774 1860 1822 mundis-

267 1860 399 1908 sima
425 1861 737 1919 sanctorum,
768 1860 820 1905 et
844 1857 1113 1920 promissis
1148 1872 1326 1905 eorum
1358 1857 1697 1920 suauissimis,
1729 1873 1860 1919 quae

266 1959 387 1991 uera
430 1958 541 1989 esse
576 1940 944 1989 miraculorum
989 1956 1193 2002 quoque
1231 1941 1520 1989 multorum
1565 1939 1861 1988 ostensione

268 2025 618 2085 firmauerant,
678 2024 891 2071 credens
939 2023 1230 2085 baptizatus
1283 2026 1374 2084 est,
1429 2040 1638 2086 coepere
1684 2022 1861 2084 plures

1892 1788 2079 1832 Baptism
2098 1789 2143 1820 of

1891 1838 2121 1874 Ethelbert.

267 2106 488 2156 cotidie1
531 2108 594 2155 ad
619 2106 941 2155 audiendum
982 2105 1205 2154 uerbum
1250 2107 1522 2166 confluere,
1565 2123 1634 2166 ac,
1680 2105 1861 2152 relicto
1909 2124 1912 2127 ·

266 2189 575 2254 gentilitatis
623 2189 740 2250 ritu,
784 2188 976 2236 unitati
1019 2205 1074 2236 se
1123 2191 1330 2237 sanctae
1379 2189 1575 2237 Christi
1623 2188 1862 2236 ecclesiae

267 2274 521 2322 credendo
564 2272 766 2321 sociare.
845 2272 1079 2332 Quorum
1127 2271 1250 2319 fidei
1293 2274 1344 2319 et
1387 2271 1749 2320 conuersioni2
1792 2270 1863 2318 ita

267 2355 656 2419 congratulatus
694 2371 803 2402 esse
845 2370 934 2401 rex
976 2353 1291 2415 perhibetur,
1339 2357 1399 2402 ut
1436 2354 1645 2402 nullum
1685 2356 1863 2401 tamen

268 2441 468 2503 cogeret
487 2439 550 2486 ad
570 2436 1030 2486 Christianismum
1052 2455 1063 2497 ;
1101 2438 1189 2485 sed
1210 2437 1577 2485 tantummodo
1597 2437 1863 2484 credentes

269 2522 448 2571 artiori
490 2520 778 2577 dilectione,
826 2519 974 2582 quasi
1012 2519 1250 2567 conciues
1287 2519 1386 2567 sibi
1424 2519 1572 2581 regni
1611 2519 1856 2577 caelestis,

268 2604 675 2667 amplecteretur.
740 2602 1000 2651 Didicerat
1020 2602 1162 2649 enim
1187 2619 1217 2649 a
1239 2602 1533 2650 doctoribus
1552 2601 1864 2649 auctoribus-

270 2704 369 2750 que
406 2703 526 2734 suae
569 2685 756 2733 salutis
793 2684 1068 2732 seruitium
1106 2684 1302 2733 Christi
1340 2683 1713 2743 uoluntarium,
1756 2700 1862 2730 non

268 2769 566 2817 coacticium
593 2784 703 2815 esse
729 2767 924 2816 debere.
1002 2767 1108 2815 Nec
1142 2766 1360 2828 distulit,
1394 2763 1534 2829 quin*
1555 2766 1710 2813 etiam
1737 2765 1864 2826 ipsis

268 2851 561 2900 doctoribus
594 2850 702 2898 suis
740 2850 913 2898 locum
957 2850 1092 2897 sedis
1133 2866 1312 2897 eorum
1354 2849 1536 2911 gradui
1574 2864 1861 2909 congruum

266 2934 323 2981 in
354 2934 649 2981 Doruuerni
686 2932 962 2994 metropoli
1001 2948 1092 2980 sua
1127 2933 1356 2992 donaret,
1403 2930 1561 2979 simul
1601 2933 1652 2977 et
1689 2946 1860 2977 neces-

267 3016 426 3065 sarias
450 3015 505 3063 in
532 3015 751 3063 diuersis
775 3015 1039 3078 speciebus
1062 3015 1414 3077 possessiones
1441 3013 1710 3061 conferret.

514 3138 525 3159 ¹
555 3140 636 3178 cot.
661 3141 824 3178 inserted
843 3143 952 3177 above
972 3143 1028 3177 the
1049 3141 1124 3177 line
1145 3141 1188 3176 in
1210 3138 1266 3187 M,
1284 3141 1454 3184 perhaps
1475 3139 1521 3183 by
1545 3134 1616 3174 M2.

829 3205 844 3227 ²
877 3206 1207 3246 conuersationi
1229 3204 1301 3245 MR
