2240 3444
87 1127 307 1162 Consecra-

85 1176 176 1211 tion
197 1177 242 1212 of

88 1227 303 1272 Paulinus,

87 1277 189 1320 July
203 1290 255 1322 21,
270 1279 345 1321 625.

81 2958 324 3014 Atternpted

79 3018 300 3043 assassma-

79 3058 170 3092 tion
189 3058 230 3092 Of

381 136 450 186 98
838 137 903 188 H
906 137 1105 191 istoria
1141 137 1436 191 Ecclesiast
1444 137 1531 190 ica
1795 145 1902 198 [Lm.
1925 150 1982 189 11.

381 285 470 348 qui
495 287 606 335 ueri
639 287 737 336 Dei
773 288 946 337 cultus
979 291 1114 336 esset
1146 303 1358 350 prorsus
1390 286 1615 348 ignarus.
1695 284 1834 345 Quae
1861 301 1982 333 cum

378 372 625 421 Aeduino
650 374 808 422 uerba
833 374 1008 422 nuntii
1038 374 1290 421 referrent
1310 369 1338 431 ¹,
1371 369 1612 433 promisit
1638 386 1692 417 se
1718 370 1795 417 nil
1821 369 1983 418 omni·

378 455 552 503 modis
572 457 891 505 contrarium
912 457 1238 506 Christianae
1258 454 1393 515 fidei,
1419 470 1576 516 quam
1596 453 1742 515 uirgo
1763 452 1978 513 colebat,

379 554 490 586 esse
536 539 834 601 facturum3
885 540 1013 602 quin
1061 539 1234 602 potius
1281 537 1675 600 permissurum,
1721 538 1779 584 ut
1822 536 1983 584 fidem

379 621 686 685 cultumque
727 640 847 671 suae
889 623 1155 686 religionis
1198 639 1317 670 cum
1362 620 1620 681 omnibUS,
1671 620 1762 682 qui
1805 636 1982 667 secum

378 705 661 767 uenissent,
693 706 821 754 uiris
843 706 952 754 siue
972 705 1200 765 feminis,
1223 703 1574 752 sacerdotibus
1594 720 1682 751 seu
1703 702 1976 763 ministris,

379 804 525 836 more
555 789 850 838 Christiano
883 792 1123 838 seruaret.
1202 789 1382 850 Neque
1418 786 1696 850 abnegauit
1733 804 1787 835 se
1825 786 1982 834 etiam

380 872 598 920 eandem
633 873 934 922 subiturum
972 890 1082 921 esse
1118 872 1461 935 religionem;
1502 870 1546 918 si
1581 873 1761 919 tamen
1798 870 1984 918 exami-

380 957 504 1002 nata
552 973 581 1004 a
626 957 974 1018 prudentibus
1022 957 1249 1005 sanctior
1294 973 1350 1004 ac
1395 956 1505 1003 Deo
1555 954 1761 1017 dignior
1807 957 1983 1017 posset

377 1037 620 1088 inueniri.

449 1122 634 1185 Itaque
671 1124 999 1186 promittitur
1042 1125 1202 1187 uirgo,
1246 1127 1401 1186 atque
1437 1121 1699 1170 AEduin02
1728 1122 1976 1184 mittitur,

380 1208 432 1253 et
471 1205 618 1255 iuxta
656 1209 794 1270 quod
836 1209 1148 1271 dispositum
1185 1209 1367 1269 fuerat,
1402 1208 1674 1257 ordinatur
1710 1208 1983 1270 episcopus

379 1289 462 1336 uir
489 1290 598 1338 Deo
625 1291 844 1340 dilectus
865 1292 1135 1353 Paulinus,
1162 1292 1251 1355 qui
1268 1310 1387 1340 cum
1413 1292 1504 1340 illa
1522 1292 1740 1352 ueniret,
1764 1307 1983 1353 eamque

380 1375 431 1421 et
459 1374 675 1423 comites
700 1375 825 1436 eius,
856 1393 921 1424 ne
946 1393 1267 1439 paganorum
1292 1378 1504 1439 possent
1530 1376 1772 1424 societate
1796 1374 1975 1438 pollui,

380 1457 640 1507 cotidiana
679 1460 760 1508 etr-v,
803 1460 1176 1520 exhortatione,
1220 1462 1272 1508 et
1316 1461 1761 1507 sacramentorum
1800 1458 1981 1506 caeles-

379 1540 515 1589 tium
541 1542 886 1592 celebratione
912 1543 1257 1592 confirmaret.

449 1625 733 1675 Ordinatus
781 1629 857 1675 est
904 1629 1081 1675 autem
1131 1626 1389 1676 Paulinus
1437 1626 1706 1689 episcopus
1754 1643 1783 1674 a
1832 1626 1981 1674 Iusto

377 1708 771 1772 archiepiscopo,
808 1710 904 1758 sub
943 1710 1026 1758 die
1061 1710 1173 1758 XII
1212 1710 1570 1758 Kalendarum
1600 1711 1974 1773 Augustarum,

377 1807 516 1839 anno
553 1793 616 1840 ab
653 1793 1009 1841 incarnatione
1058 1793 1274 1841 Domini
1311 1794 1595 1854 DOXXV;
1645 1796 1695 1841 et
1737 1794 1809 1841 519
1859 1810 1979 1841 911111

376 1875 604 1936 praefata
652 1876 856 1939 uirgine
894 1878 957 1925 ad
1002 1894 1176 1939 regem
1227 1877 1534 1939 Aeduinum
1555 1875 1571 1899 2
1614 1877 1759 1939 quasi
1808 1893 1980 1925 comes

377 1960 589 2021 copulae
628 1961 847 2009 carnalis
880 1961 1108 2009 aduenit.
1183 1962 1282 2010 Sed
1314 1961 1424 2024 ipse
1460 1961 1634 2024 potius
1663 1964 1773 2009 toto
1804 1961 1980 2009 animo

376 2040 669 2103 intendens,
720 2047 779 2092 ut
826 2047 1051 2107 gentem,
1108 2061 1265 2107 quam
1308 2045 1495 2106 adibat,
1544 2045 1608 2093 ad
1656 2044 1978 2107 agnitionem

376 2126 613 2173 ueritatis
661 2127 934 2187 aduocans,
982 2127 1125 2175 iuxta
1175 2145 1356 2175 uocem
1400 2128 1630 2190 apostoli,
1680 2128 1775 2175 uni
1824 2127 1979 2176 uer04

378 2225 569 2271 sponso
606 2209 869 2272 uirginem
907 2213 1100 2258 castam
1135 2211 1403 2258 exhiberet
1442 2211 1661 2260 Christo.
1741 2212 1978 2274 Cumque

377 2292 432 2339 in
468 2293 793 2354 prouinciam
830 2293 1074 2353 uenisset,
1118 2294 1371 2343 laborauit
1407 2295 1653 2355 multum,
1685 2296 1743 2342 ut
1781 2297 1832 2342 et
1870 2312 1971 2357 eos,

376 2375 465 2437 qui
514 2392 689 2423 secum
738 2379 1003 2438 uenerant,
1051 2394 1119 2424 ne
1161 2394 1190 2424 a
1232 2377 1334 2425 fide
1378 2378 1670 2438 deficerent,
1710 2375 1716 2442 ί
1749 2378 1977 2427 Ι)01111110

375 2458 655 2507 adiuuante
694 2460 996 2520 contineret,
1051 2463 1103 2508 et
1149 2460 1362 2522 aliquos,
1405 2460 1447 2507 si
1496 2461 1628 2508 forte
1676 2464 1862 2523 posset,
1914 2462 1978 2510 de

374 2542 590 2604 paganis
609 2543 673 2590 ad
698 2542 821 2591 fidei
845 2543 1063 2604 gratiam
1089 2543 1432 2606 praedicando
1459 2546 1797 2593 conuerteret.
1876 2545 1975 2594 Sed

374 2624 509 2673 sicut
545 2626 809 2687 apostolus
845 2626 930 2687 ait,
962 2626 1204 2688 quamuis
1240 2627 1409 2674 multo
1442 2628 1676 2688 tempore
1708 2628 1799 2677 illo
1833 2628 1977 2678 labo-

374 2710 523 2755 rante
548 2708 604 2755 in
630 2709 792 2756 uerbo
814 2727 824 2757 :
870 2709 1039 2756 ‘Deus
1064 2709 1253 2757 saeculi
1277 2709 1433 2756 huius
1459 2711 1747 2758 excaecauit
1771 2714 1976 2760 mentes

371 2789 680 2851 infidelium,
712 2808 779 2838 ne
805 2791 879 2839 eis
894 2791 1118 2854 fulgeret
1143 2791 1477 2840 inluminatio
1503 2793 1759 2855 euangelii
1783 2793 1975 2856 gloriae

375 2870 602 2921 Christi?

441 2956 603 3003 Anno
635 2959 812 3004 autem
848 2958 1096 3018 sequente
1129 2957 1279 3005 uenit
1309 2956 1365 3004 in
1402 2958 1726 3019 prouinciam
1761 2959 1973 3022 quidam

2008 2145 2027 2168 2
2048 2133 2134 2169 Cor.
2156 2133 2209 2170 xi.

2006 2381 2097 2427 1234
2117 2393 2151 2418 a.

2005 2732 2024 2755 2
2043 2720 2130 2757 Cor.
2152 2719 2203 2756 iv.

373 3038 587 3086 sicarius
620 3039 871 3087 uocabulo
898 3041 1106 3102 Eumer,
1138 3040 1331 3088 missus
1355 3057 1384 3088 a
1408 3057 1525 3104 rege
1557 3042 1971 3091 Occidentalium
2024 3036 2026 3039 ’

427 3153 441 3174 ¹
471 3156 664 3195 referent
685 3156 758 3196 M1.
864 3157 879 3179 ²
908 3159 1117 3210 oduuino,
1143 3171 1271 3197 -num
1294 3160 1326 3198 O
1347 3172 1356 3207 ;
1377 3159 1561 3208 oduino,
1581 3173 1708 3198 -num
1729 3160 1780 3200 Β.
1885 3159 1900 3181 ³
1928 3162 1974 3199 91

370 3233 444 3261 om,
467 3221 511 3261 C.
645 3223 660 3245 ⁴
690 3224 788 3261 uiro
805 3223 879 3262 Μ’).
902 3223 962 3264 (3².
