2240 3444
76 2294 141 2329 He
152 2294 339 2331 becomes

73 2356 100 2380 a
118 2345 259 2380 monk.

390 125 499 176 260
846 125 1112 178 Historia
1151 125 1541 179 Ecclesiastica
1789 134 1898 187 [Lm.
1922 138 1992 177 IV.

387 271 638 321 debemus
662 275 926 321 auctorem
959 273 1109 337 regni
1142 273 1389 335 caelestis,
1420 273 1710 336 potentiam
1736 272 1995 322 Creatoris

387 358 438 403 et
464 356 744 405 consilium
769 357 927 417 illius,
958 358 1093 406 facta
1119 358 1296 406 Patris
1319 357 1525 420 gloriae.
1594 358 1865 418 Quomodo
1885 357 1989 417 ille,

387 455 507 487 cum
548 439 615 488 sit
652 442 895 489 aeternus
935 442 1089 502 Deus,
1133 441 1374 489 omnium
1409 441 1783 489 miraculorum
1816 443 1997 488 auctor

384 523 572 584 extitit⁷
606 523 696 585 qui
719 524 889 586 primo
927 524 1050 572 filiis
1082 524 1363 572 hominum
1400 524 1601 572 caelum
1634 541 1728 586 pro
1763 523 1996 572 culmine

380 607 519 667 tecti,
546 607 736 655 dehinc
755 610 948 656 terram
970 610 1145 656 custos
1164 608 1384 655 humani
1399 607 1412 632 ¹
1435 607 1640 670 generis
1658 607 1995 670 omnipotens

383 690 613 739 creauit.'
684 691 789 739 Hic
830 693 907 739 est
945 708 1139 752 sensus,
1190 708 1296 738 11011
1336 694 1512 739 aut-em
1556 691 1681 738 ordo
1725 691 1837 753 ipse
1878 708 1991 739 uer-

380 773 583 835 borum,
644 792 776 837 quae
835 775 1101 822 dormiens
1159 774 1249 822 ille
1309 774 1556 835 canebat3
1620 791 1790 837 neque
1850 775 1991 824 enim

378 860 601 919 possunt
644 857 889 919 carmina,
936 857 1179 920 quamuis
1222 857 1419 920 optime
1458 858 1740 920 conposita,
1786 874 1849 905 ex
1892 858 1992 908 alia

380 940 436 988 in
493 941 649 989 aliam
698 941 934 1004 linguam
983 942 1047 990 ad
1096 941 1320 989 uerbum
1373 941 1486 989 sine
1541 941 1861 989 detrimento
1911 942 1992 990 sui

379 1024 577 1072 decoris
619 1042 675 1073 ac
720 1025 991 1088 dignitatis
1026 1024 1316 1073 transferri.
1390 1025 1694 1088 Exsurgens
1737 1027 1914 1074 autem
1962 1042 1993 1074 3

377 1125 575 1169 somno,
615 1112 811 1169 cuncta,
856 1126 986 1172 quae
1024 1109 1294 1158 dormiens
1331 1112 1642 1171 cantauerat,
1683 1110 1990 1159 memoriter

375 1193 606 1253 retinuit⁷
649 1196 701 1241 et
742 1193 814 1241 eis
852 1210 976 1241 mox
1017 1193 1169 1255 plura
1209 1193 1267 1241 in
1305 1194 1531 1241 eundem
1573 1194 1793 1242 modum
1831 1194 1990 1243 uerba

376 1275 486 1323 Deo
513 1276 659 1339 digni
684 1277 931 1325 carminis
954 1276 1209 1325 adiunxit.

447 1359 787 1423 Ueniensque
813 1377 969 1409 mane
995 1361 1058 1408 ad
1084 1360 1316 1418 uilicum,
1345 1360 1435 1422 qui
1461 1359 1560 1407 sibi
1585 1363 1834 1423 praeerat,
1861 1361 1986 1424 quid

377 1443 501 1491 doni
537 1444 864 1508 percepisset,
908 1444 1177 1504 indicauit,
1222 1446 1377 1506 atque
1416 1444 1479 1492 ad
1523 1444 1835 1492 abbatissam
1877 1462 1988 1508 per-

377 1527 576 1589 ductus,
608 1528 782 1577 iussus
808 1531 899 1590 est,
939 1526 943 1591 Ι
977 1528 1164 1576 111111115
1185 1527 1505 1576 doctioribus
1525 1527 1653 1576 uiris
1673 1526 1689 1550 ²
1708 1528 1986 1590 praesenti-

374 1611 485 1672 bus,
512 1612 739 1660 indicare
761 1613 1043 1674 somnium,
1070 1614 1121 1660 et
1139 1611 1308 1660 dicere
1327 1628 1553 1673 carmen,
1575 1614 1634 1660 ut
1655 1612 1985 1661 uniersorum

374 1694 578 1757 iudicio,
606 1696 729 1759 quid
756 1696 843 1744 uel
863 1697 1003 1744 unde
1024 1697 1172 1757 esset,
1201 1696 1337 1758 quod
1364 1694 1632 1756 referebat,
1657 1695 1980 1757 probaretur.

376 1778 672 1842 Uisumque
712 1782 791 1828 351
830 1779 1076 1828 omnibus
1116 1779 1391 1827 caelestem
1435 1778 1483 1826 31
1527 1795 1556 1827 3
1600 1779 1829 1827 Ι)01111110
1870 1797 1985 1829 0011·

373 1879 572 1911 cessam
614 1863 756 1911 esse3
794 1863 1030 1926 gratiam.
1109 1863 1562 1926 Exponebantque
1599 1862 1680 1910 illi
1718 1865 1983 1926 quendam

372 1963 543 1994 sacrae
568 1947 816 1995 historiae
842 1947 954 1995 51113
981 1947 1247 1996 doctrinae
1268 1964 1580 2009 5311110113111,
1604 1946 1982 2010 praecipientes

373 2047 509 2091 eum,
541 2030 585 2079 si
610 2034 799 2093 posset,
831 2031 973 2079 hunc
998 2032 1055 2079 in
1088 2031 1505 2079 modulationem
1538 2031 1786 2080 carminis
1818 2033 1982 2079 trans-

371 2113 518 2163 ferre.
595 2116 671 2164 At
696 2115 787 2163 1113
814 2117 1053 2178 suscepto
1087 2115 1296 2177 negotio
1323 2115 1464 2175 abiit,
1496 2119 1549 2163 et
1574 2132 1731 2163 mane
1756 2115 1975 2176 rediens,

372 2198 571 2259 optimo
605 2199 846 2259 carmine,
878 2200 1015 2261 quod
1048 2198 1339 2258 iubebatur,
1372 2198 1703 2261 conpositum
1733 2198 1973 2247 reddidit.

371 2280 527 2329 Unde
559 2299 683 2330 mox
716 2282 977 2330 abbatissa
1010 2283 1335 2345 amplexata⁴
1363 2282 1586 2346 gratiam
1621 2281 1721 2330 Dei
1755 2281 1812 2330 in
1843 2282 1972 2342 uiro,

370 2365 686 2413 saecularem
718 2365 872 2414 illum
905 2366 1144 2414 habitum
1179 2366 1488 2429 relinquere,
1519 2368 1570 2414 et
1608 2366 1978 2414 monachicum

368 2448 628 2511 suscipere
660 2449 988 2512 propositum
1020 2450 1206 2511 docuit,
1243 2452 1649 2512 susceptumque
1691 2449 1747 2497 in
1777 2466 1978 2497 monas-

366 2532 559 2581 terium
598 2550 717 2581 cum
755 2534 1001 2581 omnibus
1039 2534 1147 2582 suis
1183 2534 1407 2581 fratrum
1444 2533 1646 2582 cohorti
1673 2533 1970 2593 adsociaust,

366 2616 624 2679 iussitque
649 2617 804 2665 illum
831 2617 1019 2665 seriem
1045 2634 1215 2665 sacrae
1234 2617 1483 2666 historiae
1508 2616 1721 2666 doceri.'
1771 2618 1847 2666 At
1865 2617 1976 2679 ipse

367 2703 566 2761 cuncta,
610 2717 742 2763 quae
785 2701 1044 2749 audiendo
1083 2701 1279 2749 discere
1316 2703 1532 2764 poterat,
1576 2701 1974 2750 rememorando

365 2799 554 2843 secum,
580 2786 631 2832 31
659 2783 806 2846 quasi
827 2785 1089 2832 mundum
1111 2784 1305 2832 animal
1324 2785 1652 2845 ruminando⁷
1680 2784 1736 2832 in
1763 2801 1973 2833 carmen

365 2866 729 2915 dulcissimum
769 2868 1121 2928 conuertebat‚
1167 2868 1483 2930 suauiusque
1531 2868 1822 2916 resonando
1860 2868 1971 2916 doc-

365 2952 504 2998 tores
547 2968 668 2999 suos
712 2951 946 2999 uicissim
994 2951 1259 2999 auditores
1306 2954 1387 3000 sui
1429 2952 1661 3000 faciebat.
1739 2951 1970 3001 Canebat

365 3036 539 3081 autem
567 3034 630 3082 de
655 3034 914 3082 creatione
947 3034 1150 3095 mundi,
1183 3037 1235 3083 et
1261 3034 1460 3097 origine
1494 3034 1717 3083 humani
1746 3034 1964 3098 generis,

418 3158 430 3180 ¹
461 3160 702 3199 hominum
724 3160 762 3198 N
771 3160 793 3200 ¹.
949 3158 964 3180 2
993 3160 1249 3200 doctoribus
1259 3164 1329 3208 sor
1348 3160 1461 3200 doct.
1489 3161 1602 3200 uiris
1624 3161 1676 3200 N.
1830 3158 1844 3181 ⁸
1874 3173 1969 3201 esse

363 3238 435 3263 om..
459 3225 531 3266 Mn
678 3227 688 3247 *
719 3228 783 3266 -ta
800 3228 866 3265 est
888 3226 947 3266 M.

2016 1529 2042 1565 f.
2065 1542 2104 1578 91
2128 1530 2164 1567 b.
