2912 4368
1026 470 1133 520 410
1551 463 1809 534 Epis-tola
1848 461 1991 514 Beda
2029 460 2105 513 ad

1027 616 1337 678 prouocatus
1356 612 1662 662 accenderis.
1707 611 1852 659 Sicut
1873 627 1899 657 e
1920 607 2191 667 contrario,
2218 605 2263 654 si
2289 604 2630 653 commissum

1027 699 1123 747 tibi
1147 715 1175 746 a
1200 697 1427 746 Domino
1453 696 1725 759 negotium
1759 694 1937 742 minus
1963 692 2242 754 diligenter
2266 688 2624 751 compleueris,
2660 706 2710 742 cf.
2726 707 2865 742 Matth

1027 800 1120 845 pro
1164 781 1454 829 retentione
1494 779 1682 827 talenti
1731 795 1851 825 cum
1900 793 2048 824 seruo
2098 790 2328 836 nequam
2377 775 2427 820 et
2480 771 2629 834 pigro
2660 759 2853 851 ζζῖᾗῗέ-

1026 868 1229 929 partem
1256 881 1309 912 es
1334 866 1635 926 recepturus
1662 862 1718 909 in
1744 862 1921 908 futuro
1962 878 1972 919 ;
1999 858 2227 906 maxime
2254 856 2299 904 si
2324 854 2630 918 temporalia
2659 857 2741 892 xix.
2764 870 2814 892 22·

1027 950 1091 997 ab
1124 948 1229 995 illis
1256 948 1529 995 commoda
1564 945 1824 1008 requirere
1864 946 2020 1005 atque
2061 941 2288 1003 accipere
2326 955 2629 1002 praesump-

1028 1032 1170 1092 seris,
1208 1031 1397 1094 quibus
1434 1030 1581 1077 nulla
1620 1027 1854 1076 caelestis
1892 1024 2137 1072 beneficii
2174 1024 2311 1071 dona
2349 1022 2632 1085 rependere

1029 1114 1343 1178 probaueris.
1417 1114 1550 1162 Cum
1577 1111 1719 1159 enim
1746 1110 2008 1157 Dominus
2034 1107 2252 1155 mittens
2285 1106 2349 1154 ad
2377 1104 2632 1168 euangeli-

1031 1199 1257 1246 zandum
1284 1196 1561 1258 discipulos
1587 1194 1803 1242 dixisset
1826 1211 1835 1240 :
1878 1192 2108 1239 ‘Euntes
2134 1193 2312 1238 autem
2338 1188 2628 1252 praedicate
2661 1203 2812 1238 Matth.
2842 1214 2874 1238 x.

1033 1282 1262 1330 dicentes
1273 1280 1393 1343 quia
1408 1273 1872 1342 appropinquauit²
1894 1291 2116 1337 regnum
2135 1273 2396 1321 caelorum
2414 1272 2447 1332 3'
2473 1271 2629 1334 paulo
2659 1264 2687 1297 ⁷·

1030 1368 1147 1428 post
1178 1362 1417 1411 adiunxit
1434 1363 1463 1421 ³,
1496 1361 1697 1409 dicens:
1730 1359 1934 1407 ‘Gratis
1972 1357 2253 1420 accepistis,
2286 1356 2445 1418 gratis
2480 1356 2596 1403 date
2622 1374 2632 1416 3
2664 1367 2715 1403 ib.
2735 1369 2766 1412 8,
2789 1380 2821 1414 9.

1033 1444 1195 1493 nolite
1215 1442 1475 1505 possidere
1499 1456 1706 1498 aurum,
1724 1455 1892 1500 neque
1909 1437 2222 1500 argentum.'
2285 1436 2341 1485 Si
2367 1452 2486 1498 ergo
2515 1434 2636 1482 illos

1033 1528 1188 1591 gratis
1228 1525 1560 1588 euangelium
1598 1524 1890 1586 praedicare
1924 1521 2090 1583 iussit,
2123 1538 2293 1584 neque
2331 1537 2519 1568 aurum
2552 1519 2636 1567 uel

1032 1613 1320 1673 argentum,
1375 1609 1492 1656 uel⁴
1541 1606 1738 1670 aliquid
1787 1606 2038 1668 pecuniae
2081 1603 2383 1666 temporalis
2430 1603 2494 1651 ab
2543 1602 2630 1663 eis,

1033 1695 1221 1757 quibus
1268 1692 1645 1755 praedicabant,
1695 1690 1922 1752 accipere
1966 1688 2204 1751 permisit
2230 1707 2241 1748 3
2297 1687 2436 1750 quid,
2493 1703 2630 1749 rogo,

1033 1778 1139 1826 illis
1165 1776 1255 1840 qui
1280 1776 1360 1824 his
1387 1775 1641 1823 contraria
1666 1776 1869 1836 gerunt,
1900 1772 2119 1835 periculi
2144 1771 2463 1819 immineat?

745 1876 913 1931 Negleet
932 1878 978 1958 ft·
1106 1874 1147 1921 7.
1190 1860 1421 1908 Attende
1443 1859 1567 1921 quid
1594 1856 1892 1920 grauissimi
1918 1855 2125 1904 sceleris
2150 1855 2229 1902 illi
2256 1854 2630 1913 commiserint,

742 1936 927 1968 episcopa

744 1975 965 2011 visitation.
1036 1945 1124 2007 qui
1150 1946 1200 1992 et
1228 1946 1433 1991 terrena
1464 1942 1526 1989 ab
1560 1940 1882 1989 auditoribus
1913 1940 2022 1988 suis
2060 1940 2201 1987 lucra
2236 1937 2635 2000 diligentissime

1034 2028 1303 2090 requirere,
1337 2029 1388 2073 et
1425 2043 1517 2088 pro
1554 2042 1732 2073 eorum
1768 2024 1935 2071 salute
1973 2026 2184 2072 aeterna
2216 2022 2379 2070 nichil
2414 2021 2635 2069 omnino

1032 2110 1386 2175 praedicando,
1430 2109 1514 2157 uel
1552 2108 1888 2168 exhortando,
1939 2107 2023 2154 uel
2066 2106 2396 2168 increpando,
2442 2103 2634 2152 laboris

1033 2195 1331 2257 impendere
1379 2192 1753 2241 c01itendunt⁵.
1845 2191 2077 2239 Sollicite
2129 2193 2285 2253 atque
2342 2189 2638 2237 intentione

1035 2278 1247 2337 curiosa,
1297 2277 1517 2325 antistes
1565 2276 1916 2335 dilectissime,
1960 2275 2236 2338 perpende.
2313 2273 2638 2322 Audiuimus

1035 2362 1191 2421 enim,
1223 2364 1273 2408 et
1300 2361 1437 2408 fama
1464 2363 1554 2421 est,
1588 2359 1706 2422 quia
1732 2359 1931 2407 multae
1963 2358 2121 2406 uillae
2154 2375 2209 2405 ac
2244 2357 2407 2405 uiculi
2433 2358 2638 2404 nostrae

1035 2444 1204 2509 gentis
1230 2444 1283 2491 in
1310 2444 1578 2491 montibus
1605 2443 1707 2491 sint
1747 2442 2021 2490 inaccessis
2055 2459 2111 2490 ac
2147 2441 2369 2489 saltibus
2400 2440 2637 2488 dumosis

1034 2527 1205 2590 positi,
1253 2528 1343 2575 ubi
1381 2544 1653 2589 nunquam
1697 2527 1880 2574 multis
1928 2524 2325 2574 transeuntibus
2368 2523 2522 2572 annis
2570 2523 2638 2570 sit

1037 2611 1180 2658 uisus
1206 2611 1436 2671 antistes,
1470 2611 1559 2673 qui
1585 2610 1780 2658 ibidem
1808 2609 2007 2672 aliquid
2024 2608 2306 2657 ministerii
2330 2609 2419 2655 aut
2444 2606 2638 2669 gratiae

1037 2695 1272 2745 caelestis
1294 2694 1585 2742 exhibuerit
1609 2713 1618 2755 3
1647 2711 1870 2756 quorum
1897 2696 2076 2741 tamen
2103 2693 2200 2740 ne6
2219 2691 2391 2740 unus7
2424 2690 2637 2753 quidem

1034 2799 1060 2827 a
1088 2778 1299 2827 tributis
1325 2778 1547 2825 antistiti
1572 2777 1851 2825 reddendis
1878 2793 1988 2824 esse
2015 2776 2180 2839 possit
2212 2774 2471 2822 immunis
2494 2792 2504 2834 ;
2543 2790 2638 2822 nec

1034 2863 1204 2911 solum
1232 2862 1423 2909 talibus
1442 2861 1568 2909 locis
1585 2861 1717 2908 desit
1733 2861 1965 2916 antistes,
1987 2859 2076 2922 qui
2095 2876 2283 2907 manus
2300 2857 2637 2920 impositione

1034 2946 1317 3008 baptizatos
1351 2945 1355 3009 Ι
1390 2944 1678 3005 confirmet,
1704 2961 1891 2992 uerum
1920 2944 2078 2992 etiam
2101 2946 2113 2965 ⁵
2132 2943 2305 2991 omnis
2332 2943 2520 3002 doctor,
2546 2941 2638 3004 qui
2667 2958 2692 2994 f.
2716 2971 2757 3005 91
2778 2958 2815 2993 b.

1041 3047 1125 3077 eos
1164 3030 1279 3076 uel9
1323 3028 1444 3076 fidei
1484 3029 1759 3076 ueritatem
1808 3028 1894 3075 uel
1944 3027 2317 3075 discretionem
2366 3026 2532 3073 bonae
2582 3042 2637 3073 ac

1040 3113 1204 3160 malae
1248 3112 1465 3159 actionis
1514 3113 1733 3171 edoceat,
1783 3111 1932 3159 absit.
2014 3111 2201 3172 Sicque
2249 3110 2325 3170 fit,
2374 3111 2432 3156 ut
2453 3107 2487 3132 ¹⁰
2538 3109 2640 3171 epi-

1040 3212 1312 3257 scoporum
1349 3195 1559 3256 quidam
1592 3212 1700 3241 non
1735 3195 1906 3242 solum
1934 3194 2095 3257 gratis
2123 3210 2230 3241 non
2257 3192 2631 3255 euangelizent,

1041 3279 1123 3326 uel
1170 3295 1355 3324 manus
1398 3278 1639 3326 fidelibus
1678 3278 1987 3339 imponant,
2040 3294 2226 3326 uerum
2277 3276 2452 3336 etiam,
2499 3276 2636 3338 quod

1100 3416 1107 3436 ¹
1144 3418 1187 3454 in
1214 3418 1296 3456 fut.
1319 3431 1363 3455 es
1384 3431 1467 3455 rec.
1492 3418 1549 3456 M.
1751 3416 1765 3438 ²
1796 3418 1895 3456 -bit.
1923 3417 1984 3455 H.
2005 3416 2064 3454 M.
2271 3415 2285 3437 3
2317 3416 2553 3454 subiunxit
2576 3415 2632 3455 M.

1045 3483 1055 3504 ⁴
1083 3486 1124 3520 ot
1149 3484 1205 3522 M.
1374 3484 1388 3505 ⁵
1418 3484 1666 3522 intendunt
1690 3484 1747 3523 M.
1921 3483 1935 3506 ὅ
1966 3496 2046 3521 nec
2070 3482 2130 3520 H.
2300 3481 2314 3504 ⁷
2345 3495 2464 3522 unus
2479 3496 2552 3522 om.
2575 3482 2632 3521 M.

1042 3550 1055 3566 ³
1084 3554 1120 3587 1-1
1151 3550 1207 3589 ll.
1378 3551 1391 3572 ⁹
1423 3551 1493 3589 uel
1518 3551 1594 3600 qui
1617 3564 1688 3589 eos
1712 3551 1767 3590 M.
1944 3549 1972 3571 ¹⁰
2002 3552 2053 3588 ut
2074 3563 2148 3589 om.
2172 3549 2230 3588 M.
