2240 3444
95 1285 137 1320 M
141 1285 300 1321 iracles.

99 2545 186 2580 The
205 2544 288 2580 Isle

100 2594 146 2630 of
161 2595 249 2639 Ely.

384 123 492 174 246
839 120 1110 174 Historia
1149 119 1540 173 Ecclesiastica
1779 128 1888 181 [Lm.
1914 131 1986 170 IV.

382 267 635 317 cicatricis
659 268 877 332 uestigia
906 270 1157 332 parerent.
1234 268 1336 318 Sed
1367 270 1418 316 et
1451 266 1761 315 linteamina
1794 265 1982 327 omnia,

385 352 575 415 quibus
617 352 921 401 inuolutum
963 355 1074 400 erat
1121 368 1318 414 corpus,
1367 351 1570 413 integra
1617 354 1982 412 apparuerunt,

385 438 437 484 et
461 436 533 484 ita
559 453 707 497 noua,
739 438 798 485 ut
824 436 936 499 ipso
962 435 1044 484 die
1074 436 1383 483 uiderentur
1416 434 1568 482 castis
1594 433 1705 481 eius
1737 433 1989 481 membris

385 536 495 567 esse
531 519 884 568 circumdata.’
957 519 1156 567 Ferunt
1193 521 1384 578 autem,
1428 517 1560 580 quia,
1604 534 1725 565 cum
1760 517 1990 579 praefato

384 605 590 651 tumore
623 620 679 651 ac
714 603 890 651 dolore
915 603 1158 650 maxillae
1194 602 1306 649 siue
1341 601 1457 649 colli
1490 604 1830 664 premeretur,
1861 599 1992 648 mul-

385 688 503 734 tum
547 687 798 734 delectata
847 686 916 734 sit
964 686 1063 734 1100
1112 702 1301 748 genere
1348 685 1692 745 infirmitatis,
1740 702 1796 732 ac
1839 684 1993 732 solita

387 770 553 818 dicere
576 788 586 819 :
631 771 640 793 ⁶
662 770 777 819 Scio
803 769 1102 830 certissime,
1143 767 1148 834 Ι
1182 769 1302 831 quia
1325 768 1515 817 merito
1541 768 1597 815 in
1628 768 1758 816 collo
1784 768 1992 830 pondus

386 853 616 916 langoris
651 856 816 915 porto,
849 853 906 900 in
932 870 1033 916 quo
1067 853 1403 901 iuuenculam
1439 869 1525 900 me
1557 851 1780 899 memini
1816 867 1991 913 super-

386 953 549 984 uacua
589 936 935 984 moniliorum
981 936 1212 997 pondera
1252 937 1495 997 portare3
1545 937 1596 982 et
1639 935 1804 995 credo,
1854 935 1993 996 quod

385 1020 502 1068 ideo
539 1037 624 1067 me
655 1037 880 1081 superna
909 1019 1075 1081 pietas
1111 1019 1287 1067 dolore
1321 1019 1440 1067 colli
1477 1018 1648 1066 uoluit
1681 1018 1902 1081 grauari,
1933 1020 1993 1065 ut

386 1105 459 1152 sic
501 1104 741 1152 absoluar
777 1102 956 1150 reatu¹
998 1119 1346 1164 superuacuae
1385 1102 1649 1162 leuitatis3
1688 1102 1816 1149 dum
1858 1100 1992 1149 mihi

386 1206 528 1237 110110
565 1205 660 1251 pro
698 1204 822 1235 auro
860 1190 910 1235 et
949 1185 1281 1250 margaritis²,
1314 1187 1376 1235 de
1412 1187 1543 1235 collo
1582 1186 1740 1234 rubor
1771 1185 1995 1234 tumoris

385 1273 641 1334 ardorque
666 1270 996 1333 promineat,9
1069 1270 1302 1333 Contigit
1330 1272 1508 1318 autem
1542 1272 1683 1318 tactu
1715 1269 1992 1318 indumen-

386 1358 563 1404 torum
619 1354 908 1402 eorundem
957 1356 1008 1401 et
1058 1353 1331 1402 daemonia
1385 1354 1449 1402 ab
1499 1353 1723 1402 obsessis
1771 1353 1997 1416 effugata

388 1439 701 1502 corporibus,
734 1440 785 1486 et
809 1438 1145 1486 infirmitates
1169 1437 1297 1485 alias
1330 1437 1608 1500 aliquoties
1640 1454 1752 1485 esse
1778 1439 1991 1486 curatas.

388 1525 489 1573 Sed
533 1525 584 1571 et
622 1523 868 1584 loculum,
901 1523 956 1570 in
995 1539 1096 1584 quo
1134 1522 1305 1584 primo
1343 1523 1549 1584 sepulta
1587 1524 1678 1583 est,
1723 1521 1997 1570 nonnullis

388 1608 565 1656 oculos
614 1606 915 1654 dolentibus
964 1606 1123 1654 saluti
1171 1605 1334 1653 fuisse
1382 1605 1697 1668 perhibent3
1741 1605 1834 1668 qui
1877 1622 1997 1653 cum

388 1709 544 1740 suum
589 1692 740 1753 caput
785 1690 952 1738 eidem
993 1690 1164 1738 loculo
1207 1691 1531 1752 adponentes
1575 1692 1826 1747 orassent,
1874 1705 1998 1737 mox

388 1775 581 1824 doloris
602 1777 713 1823 siue
734 1773 970 1836 caliginis
989 1773 1383 1822 incommodum
1403 1775 1466 1822 ab
1488 1774 1650 1822 oculis
1669 1774 1990 1822 amouerent.

389 1860 659 1907 Lauerunt
702 1857 865 1920 igitur
912 1857 1149 1919 uirgines
1197 1874 1394 1919 corpus,
1443 1860 1494 1905 et
1544 1857 1698 1906 nouis
1746 1857 1996 1905 indutum

388 1943 625 1991 uestibus
665 1942 963 1991 intulerunt
1012 1941 1069 1988 in
1110 1941 1394 2003 ecclesiam,
1437 1944 1594 2004 atque
1642 1941 1700 1989 in
1743 1958 1816 2003 eo,
1860 1940 1998 2004 quod

390 2027 627 2076 adlatum
669 2028 791 2086 erat,
842 2025 1101 2088 sarcofago
1144 2028 1448 2086 posuerunt,
1496 2025 1589 2074 ubi
1632 2043 1798 2088 usque
1842 2024 1999 2073 hodie

390 2111 447 2158 in
473 2126 662 2172 magna
681 2108 1016 2156 ueneratione
1041 2108 1276 2157 habetur.
1343 2109 1538 2157 Mirum
1559 2126 1684 2157 uero
1704 2109 1760 2157 in
1779 2109 1998 2157 modum

390 2195 462 2242 ita
494 2197 678 2256 aptum
717 2193 918 2256 corpori
957 2193 1180 2256 uirginis
1217 2194 1541 2257 sarcofagum
1579 2195 1859 2243 inuentum
1899 2196 1991 2255 est,

391 2295 447 2326 ac
465 2278 509 2326 si
530 2278 577 2325 ei
597 2276 886 2339 specialiter
909 2280 1268 2338 praeparatum
1288 2277 1473 2325 fuisset
1496 2296 1506 2338 3
1545 2280 1596 2326 et
1621 2278 1766 2325 locus
1791 2294 1998 2340 quoque

392 2361 576 2423 capitis
616 2377 853 2409 seorsum
880 2360 1192 2408 fabrefactus
1219 2361 1282 2409 ad
1309 2377 1614 2409 mensuram
1647 2361 1829 2423 capitis
1853 2361 1998 2409 illius

391 2446 659 2507 aptissime
684 2445 936 2508 figuratus
960 2444 1213 2506 apparuit.

462 2530 559 2577 Est
584 2531 759 2577 autem
787 2529 918 2591 Elge
942 2527 998 2574 in
1023 2527 1290 2590 prouincia
1322 2528 1671 2576 Orientalium
1698 2529 1997 2592 Anglorum

391 2613 531 2676 regio
548 2612 868 2660 familiarum
888 2611 1092 2659 circiter
1112 2614 1490 2672 sexcentarum,
1515 2611 1571 2659 in
1593 2611 1999 2661 similitudinem

392 2697 597 2744 insulae
646 2696 732 2743 uel
780 2695 1072 2757 paludibus,
1126 2696 1185 2742 ut
1238 2694 1482 2756 diximus,
1538 2695 1858 2745 circumdata
1914 2697 1999 2744 uel

392 2779 573 2843 aquis3
622 2779 764 2827 unde
802 2781 853 2826 et
890 2795 918 2826 a
956 2778 1100 2840 copia
1136 2778 1504 2840 anguillarum,
1537 2796 1667 2841 quae
1705 2779 1761 2827 in
1801 2779 1999 2828 eisdem

393 2864 673 2927 paludibus
699 2863 990 2926 capiuntur,
1017 2879 1213 2910 nomen
1238 2862 1433 2924 accepit
1456 2881 1466 2922 3
1503 2863 1593 2910 ubi
1619 2865 1999 2912 monasterium

393 2948 583 2995 habere
609 2947 922 2996 desiderauit
957 2948 1245 2994 memorata
1277 2945 1473 2994 Christi
1505 2946 1717 3007 famula,
1750 2947 1999 3009 quoniam

394 3032 458 3079 de
496 3031 765 3093 prouincia
807 3030 1091 3078 eorundem
1136 3029 1486 3077 Orientalium
1530 3030 1830 3093 Anglorum
1869 3030 1993 3093 ipsa,

394 3117 451 3163 01
478 3114 695 3178 praefati
725 3130 922 3173 sumus,
954 3112 1124 3161 carnis
1152 3112 1407 3175 originem
1435 3113 1669 3161 duxerat.

587 3223 600 3246 ¹
630 3237 654 3263 a
677 3226 803 3263 reatu
826 3225 872 3263 C.
1357 3220 1373 3243 ²
1401 3223 1529 3261 -retis
1551 3221 1627 3262 M¹.
1649 3222 1713 3262 0¹.
1735 3223 1804 3263 N'.

2022 775 2047 811 f.
2070 776 2157 811 861)
