2240 3444
375 127 481 179 4522
873 122 1130 193 Epistola
1167 121 1310 176 Beda
1349 120 1426 174 ad

376 270 451 319 de
487 284 666 317 eorum
709 267 819 316 uita
862 267 948 316 uel
987 266 1155 315 salute
1193 266 1402 314 aeterna
1447 262 1688 325 confidas,
1739 262 1828 326 qui
1865 263 1976 311 toto

375 352 513 400 uitae
563 368 685 399 suae
726 353 966 413 tempore
1004 366 1096 412 per
1138 348 1300 396 latam
1339 348 1543 409 portam
1593 347 1644 394 et
1694 346 1975 409 spatiosam

373 431 609 479 incedere
646 431 815 480 uiam¹
857 431 1156 490 noscuntur,
1201 429 1252 475 et
1290 443 1357 474 ne
1399 426 1456 473 in
1488 425 1728 474 minimis
1765 425 1978 488 quidem

378 514 534 562 rebus
582 514 844 577 uoluptati
893 513 975 562 sui
1023 512 1110 560 uel
1159 511 1386 572 corporis
1434 509 1521 557 uel
1568 508 1746 570 animi,
1787 506 1791 573 Ι
1825 525 1978 557 causa
2007 516 2036 554 f.
2057 517 2104 564 96
2123 516 2158 552 b.

376 614 631 660 supernae
678 596 1039 645 retributionis
1087 593 1338 643 obsistere
1382 593 1467 641 uel
1511 609 1799 655 repugnare
1841 609 1980 640 cura-

375 680 540 741 bant3
578 680 680 729 nisi
719 680 851 728 forte
889 696 981 742 per
1018 676 1344 737 elemosinas,
1373 693 1500 738 quas
1538 676 1677 724 inter
1719 674 1983 737 concupis-

379 760 575 808 centias
618 759 903 808 cotidianas
952 775 1009 806 ac
1059 756 1270 806 delicias
1317 756 1633 818 pauperibus
1682 756 1803 804 dare
1845 755 1984 803 uide-

378 843 583 905 bantur,
628 842 936 891 criminibus
971 839 1174 889 absolui
1209 837 1391 902 posse2
1417 840 1659 888 credendi
1692 841 1832 901 sunt,
1863 856 1983 887 cum

379 943 571 975 manus
611 927 723 989 ipsa
765 927 816 974 et
851 924 1178 983 conscientia,
1225 939 1354 986 quae
1392 939 1590 971 munus
1632 923 1815 971 offerat
1854 923 1978 983 Deo,

379 1011 578 1058 munda
615 1026 642 1057 a
675 1008 897 1071 peccatis
935 1024 1046 1055 esse
1085 1007 1268 1055 debeat
1302 1006 1385 1054 et3
1413 1005 1680 1067 absoluta3
1718 1008 1808 1054 aut
1847 1008 1984 1054 certe

382 1110 477 1156 per
511 1092 761 1155 mysteria
797 1093 1146 1139 sacrosanctae
1171 1089 1462 1151 oblationis,
1494 1089 1683 1152 quibus
1708 1089 1820 1152 ipsi,
1854 1089 1983 1137 dum

383 1176 636 1236 uiuerent,
698 1175 905 1237 indigni
960 1175 1253 1235 extiterant,
1320 1190 1411 1236 per
1458 1172 1588 1221 alios
1636 1172 1742 1221 iam
1789 1173 1986 1220 mortui

382 1259 570 1308 redimi
594 1275 744 1321 posse
769 1258 1012 1321 sperandi
1036 1260 1173 1307 sunt.
1252 1258 1341 1306 An
1366 1257 1502 1305 forte
1526 1256 1823 1320 permodica
1848 1256 1956 1304 illis
1971 1258 1988 1281 ⁴

383 1343 533 1405 culpa
568 1342 778 1390 uidetur
815 1342 957 1390 esse5
983 1341 1432 1404 concupiscentiae
1449 1342 1475 1389 ⁸?
1512 1341 1576 1388 de
1600 1357 1701 1403 qua
1726 1342 1776 1388 et
1793 1341 1808 1366 ⁶
1832 1340 1987 1403 paulo

383 1426 539 1475 latius
599 1425 878 1488 disputem.
957 1425 1102 1474 Haec
1150 1426 1366 1474 Balaam
1383 1424 1411 1485 ⁷,
1466 1424 1643 1472 uirum
1682 1424 1988 1487 prophetiae

384 1509 570 1572 spiritu
597 1508 978 1572 plenissimum,
1004 1525 1032 1556 a
1057 1510 1195 1557 sorte
1221 1511 1522 1557 sanctorum
1546 1507 1668 1556 fecit
1694 1509 1954 1556 extorrem
1976 1526 1987 1568 3

384 1594 583 1653 Achan,
616 1592 790 1640 filium
816 1592 1031 1640 Charmi
1048 1592 1082 1651 8,
1109 1591 1482 1640 communione
1508 1591 1857 1640 anathematis
1882 1590 1990 1654 pol-

386 1676 499 1737 luit,
530 1693 586 1723 ac
612 1675 838 1738 perdidit
857 1677 906 1737 9;
944 1676 1068 1724 Saul
1105 1675 1250 1738 regni
1280 1675 1461 1723 infulis
1492 1675 1750 1736 nudauit3
1789 1675 1935 1724 Giezi
1959 1674 1991 1699 ¹⁰

385 1759 688 1822 prophetiae
727 1759 931 1807 meritis
966 1760 1208 1822 priuauit,
1252 1776 1309 1807 ac
1346 1761 1594 1822 perpetua
1635 1759 1807 1821 leprae
1845 1760 1992 1821 peste

388 1861 507 1892 cum
529 1860 622 1892 suo
639 1842 841 1891 semine
860 1842 1059 1892 sedauit
1077 1841 1107 1868 Π
1130 1861 1142 1904 ;
1181 1843 1371 1891 Iudam
1392 1842 1699 1891 Scariothen
1716 1843 1779 1891 de
1795 1844 1992 1905 aposto·

388 1927 528 1975 latus
557 1926 720 1989 gloria
746 1927 985 1989 deposuit
1011 1945 1022 1988 3
1059 1926 1366 1975 Annaniam
1391 1928 1444 1974 et
1472 1926 1761 1988 Saphiram,
1794 1926 1857 1974 de
1883 1927 1994 1988 qui-

388 2011 486 2058 bus
504 2009 871 2073 praediximus,
896 2010 1273 2058 monachorum
1295 2009 1510 2072 collegio
1527 2010 1772 2073 indignos
1789 2008 1992 2058 etiam¹2

390 2093 614 2156 corporis
632 2096 801 2141 morte
828 2093 1077 2141 multauit
1100 2112 1110 2154 3
1149 2095 1212 2154 et,
1244 2095 1303 2141 ut
1319 2094 1381 2142 ad
1409 2093 1673 2156 superiora
1697 2094 1992 2153 ueniamUS,

390 2177 513 2225 haec
539 2177 749 2239 angelos
775 2193 804 2225 a
828 2177 968 2225 caelo
995 2177 1178 2226 deiecit
1201 2196 1212 2238 3
1250 2179 1301 2225 et
1319 2177 1667 2240 protoplastos
1692 2193 1721 2225 a
1746 2177 1994 2225 Paradiso

390 2262 667 2323 perpetuae
693 2260 977 2323 uoluptatis
1012 2260 1228 2323 expulit.
1306 2261 1377 2309 Et
1411 2261 1456 2308 si
1490 2277 1643 2308 nosse
1677 2252 1773 2322 uis,
1804 2260 1889 2308 hic
1915 2263 1993 2309 est

391 2343 481 2391 ille
506 2343 695 2406 triceps
721 2343 1010 2392 inferorum
1038 2344 1194 2405 canis,
1227 2345 1311 2393 cui
1334 2344 1539 2392 fabulae
1565 2343 1774 2392 Cerberi
1798 2361 1994 2393 nomen

391 2426 694 2475 indiderunt
716 2425 761 2489 ¹3,
810 2443 839 2475 a
884 2427 1030 2475 cuius
1069 2427 1264 2476 rabidis
1298 2428 1544 2476 dentibus
1580 2444 1677 2475 nos
1711 2427 1994 2490 prohibens

392 2510 659 2558 Iohannes
707 2510 974 2573 apostolus
1023 2511 1128 2560 ait:
1196 2511 1510 2572 ‘Carissimi,
1566 2511 1730 2559 nolite
1778 2511 1993 2574 diligere

392 2595 667 2656 mundum,
712 2613 882 2658 neque
929 2613 988 2644 ea
1036 2613 1167 2659 quae
1210 2595 1268 2643 in
1311 2596 1512 2644 mundo
1551 2598 1689 2644 sunt.
1782 2596 1838 2645 Si
1878 2596 1995 2659 quis

393 2678 564 2740 diligit
583 2679 858 2739 mundum,
880 2696 987 2727 non
1014 2682 1091 2728 est
1118 2679 1304 2728 caritas
1323 2679 1495 2728 Patris
1520 2679 1575 2727 in
1602 2696 1673 2728 e0.
1735 2679 1996 2740 Quoniam

394 2778 549 2808 omne
575 2762 710 2824 quod
747 2762 803 2809 in
838 2763 1038 2811 mundo
1065 2765 1156 2824 est,
1188 2761 1605 2825 concupiscentia
1630 2762 1796 2810 carnis
1821 2764 1912 2824 est,
1945 2765 1997 2811 et

451 2880 461 2901 ¹
490 2883 613 2920 uiam
636 2884 722 2922 inc.
750 2884 805 2922 M.
958 2883 973 2906 2
1001 2885 1198 2934 potuisse
1220 2883 1280 2922 M.
1422 2882 1436 2904 ³
1467 2885 1512 2922 et
1534 2896 1608 2923 om.
1630 2881 1705 2923 H¹.
1859 2882 1873 2905 4
1904 2884 1998 2923 illis

394 2959 533 2997 perm.
561 2947 618 2987 M.
753 2947 768 2970 ⁵
798 2962 891 2989 esse
912 2962 986 2990 om.
1012 2950 1072 2989 H.
1197 2950 1211 2973 ⁶
1240 2951 1284 2988 et
1305 2962 1380 2988 om.
1402 2948 1461 2989 ὟΙ.
1597 2947 1612 2969 ⁷
1642 2949 1819 2988 balaam
1839 2963 1915 2989 om.
1937 2950 1993 2989 H.

397 3015 410 3037 Β
439 3016 482 3054 Μ
504 3020 616 3055 mults
647 3017 792 3056 filium
814 3019 1005 3068 charmi,
1029 3023 1094 3057 bul
1121 3019 1166 3057 H
1192 3023 1304 3058 reads
1329 3019 1531 3057 acharmi
1548 3022 1671 3057 which
1692 3032 1812 3058 seems
1837 3023 1870 3058 to
1887 3023 1999 3066 point

395 3087 427 3120 ro
449 3085 525 3120 this
544 3097 590 3121 (cs
610 3087 666 3122 the
687 3087 853 3132 original
889 3088 1066 3135 reading),
1092 3084 1148 3124 cf.
1171 3085 1256 3124 Ios.
1282 3085 1358 3124 vii.
1391 3085 1452 3123 18.
1539 3085 1555 3106 ⁹
1601 3085 1725 3135 perd.
1750 3096 1799 3123 ac
1822 3085 1911 3135 pol.
1933 3086 1991 3126 M.

396 3147 425 3168 ¹⁰
456 3150 537 3186 iezi
561 3149 630 3196 H3
660 3151 783 3199 gyezi
801 3150 857 3190 M.
991 3149 1019 3170 Π
1051 3151 1139 3190 fed.
1164 3163 1200 3190 o.
1222 3162 1255 3190 s,
1277 3163 1384 3190 sem.
1412 3149 1469 3190 M.
1616 3149 1646 3172 ¹²
1675 3151 1812 3190 etiam
1834 3164 1907 3191 om.
1934 3152 1991 3191 H.

397 3215 426 3238 ¹3
459 3219 697 3269 imponunt
722 3219 779 3259 M.

2029 2532 2041 2555 1
2064 2519 2155 2555 Ioh.
2177 2519 2206 2554 ii

2028 2581 2077 2615 15,
2101 2571 2151 2607 16.
