2240 3444
282 183 381 221 CAP.
405 177 560 230 ΧΧΙΙ.]
792 167 982 221 Gentis
1021 167 1363 235 Anylorum.
1796 168 1863 218 41

271 314 445 374 populi
483 317 669 374 suffore
715 312 952 371 miraculi,
998 313 1042 357 et
1087 312 1142 358 in
1176 311 1446 371 pectoribus
1486 311 1704 358 omnium
1743 310 1870 369 fides

281 396 510 444 catholica
569 394 826 441 inculcata
879 396 1127 454 firmatur.
1216 393 1519 440 Praedicate'o
1578 393 1745 439 deinde
1804 392 1869 439 ad

271 478 458 537 plebem
483 478 537 525 de
563 477 1009 537 praeuaricationis
1032 476 1361 523 emendatione
1388 476 1692 532 conuertitur,
1723 475 1868 520 omni-

279 574 453 620 umque
498 560 733 607 sententia
769 561 1041 619 prauitatis
1087 562 1316 611 (auctores,
1362 556 1452 618 qui
1494 558 1640 603 erant
1682 556 1869 616 expulsi

278 643 455 701 insula,
477 642 797 689 sacerdotibus
815 642 1127 689 addueuntm·
1148 642 1212 689 ad
1237 640 1583 687 mediterranea
1607 638 1863 698 deferendi,

282 728 332 771 ut
379 729 423 772 et
467 726 592 784 reffl'o
637 724 944 783 absolutione,
990 728 1034 771 ct
1079 725 1153 770 ille?
1201 723 1531 770 emendatione
1562 721 1864 780 fiuerentur.

278 804 618 868 Faetmnque¹
645 811 724 867 cst,
754 810 810 854 ut
843 808 899 854 in
932 808 1031 854 illis
1068 808 1182 855 locis
1216 805 1384 854 multo
1416 820 1479 851 ex
1512 820 1571 852 eo
1602 801 1868 865 tempore2

270 889 396 948 fides
419 891 702 937 ‘intemerata
720 890 1019 949 perduraret.

342 972 532 1032 Itaque,
577 973 830 1032 conpositis
877 973 1111 1032 omnibus,
1166 972 1291 1019 beati
1337 970 1604 1018 sacerdotes
1650 983 1720 1027 ea,
1773 983 1871 1028 qua

33 1069 80 1107 ef.
103 1070 153 1105 ib.
176 1081 231 1105 ee.
276 1059 521 1113 uenerant,
544 1057 863 1115 prosperitate
887 1054 1168 1102 redierunt.
1246 1054 1407 1101 Porro
1434 1052 1729 1100 Germanus
1752 1053 1870 1112 post

33 1130 63 1164 5⁹
87 1131 134 1163 ¹39
158 1132 210 1164 ¹4³

33 1181 87 1214 ao,
109 1181 159 1213 22,
178 1181 229 1213 23,

31 1230 85 1262 ²4·

5 2227 7 2238 ¹
29 2215 183 2259 GildaS,

28 2264 49 2312 ξ
71 2267 114 2300 26

279 1135 404 1183 haee
438 1137 500 1184 ad
536 1137 841 1184 Rauennam
873 1153 965 1198 pro
1002 1152 1124 1199 paee
1148 1134 1519 1183 Armorieanae
1552 1133 1721 1195 gentis
1757 1149 1870 1194 sup-

276 1217 560 1280 plicaturus
597 1219 822 1277 aduenit,
864 1219 1040 1281 ibique
1075 1235 1104 1266 a
1137 1216 1512 1266 Ualentiniano
1550 1217 1602 1263 et
1638 1215 1869 1263 Plaeidia

276 1303 443 1348 matre
475 1301 638 1362 ipsius
671 1318 877 1349 summa
900 1302 1192 1348 reuerentia
1216 1301 1500 1361 susceptus,
1530 1297 1778 1359 migrauit
1803 1298 1867 1345 ad

278 1383 559 1432 Christum.
632 1383 791 1432 Cuius
816 1401 1001 1446 eorpus
1027 1383 1310 1431 honorifico
1335 1381 1556 1444 agmine,
1582 1380 1870 1428 comitanti-

275 1465 373 1514 bus
397 1465 658 1514 uirtutum
685 1467 939 1528 operibus,
973 1484 1120 1515 suam
1148 1466 1375 1514 defertur
1399 1465 1462 1512 ad
1487 1464 1686 1512 urbem.
1764 1464 1870 1511 Nee

276 1548 446 1596 multo
479 1551 596 1610 post
622 1549 1028 1603 Ualentinianus
1053 1550 1116 1597 ab
1141 1548 1284 1597 Aetii
1312 1546 1531 1610 patricii,
1564 1563 1721 1608 quem
1747 1546 1870 1593 ocei-

277 1631 435 1692 derat,
466 1631 812 1679 satellitibus3
837 1632 1173 1693 interimitur,
1205 1648 1342 1679 anno
1379 1629 1585 1692 imperii
1617 1628 1868 1677 Marciani

276 1713 395 1775 V10,
428 1731 547 1762 eum
574 1731 674 1776 quo
700 1714 859 1762 simul
885 1715 1205 1777 Hesperium
1230 1713 1454 1762 concidit
1478 1729 1713 1775 regnum.

880 1896 1034 1945 GAP.
1075 1896 1253 1945 XXII.

375 2033 422 2069 Ut
439 2033 645 2080 Brettones,
668 2032 946 2077 quiescentibus
964 2035 1017 2069 ad
1036 2036 1185 2079 tempus
1203 2034 1346 2077 eoeteris,
1372 2034 1554 2069 ciuilibus
1572 2043 1648 2069 sese
1670 2033 1774 2069 bellis

486 2098 744 2144 contrtuerz'nt,
764 2099 883 2134 simut
902 2101 934 2135 et
954 2101 1171 2136 maioribus
1181 2101 1351 2145 flaqttz'z's
1369 2100 1656 2136 submersertnt.

343 2205 580 2255 INTEREA
610 2205 901 2254 Brittaniae
918 2207 935 2231 4
969 2209 1216 2257 cessatum
1243 2207 1453 2270 quidem
1479 2210 1558 2256 est
1589 2223 1868 2270 parumper

273 2288 336 2336 ab
379 2291 598 2349 eaeternts,
642 2289 723 2337 sed
762 2305 862 2337 non
902 2306 931 2337 a
969 2292 1195 2339 ciuilibus
1236 2292 1379 2339 bellis.
1456 2291 1738 2339 Manebant
1789 2307 1868 2337 ex-

272 2371 518 2419 terminia
550 2374 813 2420 ciuitatum
843 2372 907 2420 ab
941 2373 1090 2421 hoste
1122 2375 1412 2422 derutarum
1445 2390 1502 2421 ac
1527 2375 1866 2433 desertarum3

273 2453 576 2516 pugnabant
625 2455 805 2502 eontra
852 2456 1094 2517 inuicem,
1149 2456 1240 2518 qui
1287 2457 1493 2504 hostem
1542 2458 1811 2504 euaserant
1831 2456 1860 2516 ⁵,

273 2536 424 2584 ciues.
498 2537 750 2585 Attamen
783 2541 988 2586 recente
1019 2540 1189 2587 adhue
1221 2541 1452 2588 memoria
1480 2539 1789 2587 calamitatis
1815 2542 1865 2587 et

272 2618 430 2667 cladis
477 2619 703 2667 inflictae
749 2620 1016 2669 seruabant
1064 2624 1349 2684 utcumque
1395 2637 1539 2683 reyes,
1584 2623 1858 2681 sacerdotes,

265 2703 465 2762 priuati,
508 2704 559 2750 et
607 2702 883 2765 optimates
924 2719 1070 2752 suum
1111 2705 1304 2767 quique
1346 2706 1574 2753 ordinem.
1651 2704 1725 2752 At
1766 2705 1865 2751 illis

271 2784 608 2845 decedentibus,
663 2800 772 2833 eum
830 2789 1129 2836 successisset
1185 2792 1319 2836 aetas
1381 2789 1672 2848 tempestatis
1729 2788 1864 2834 ‘itlius

270 2867 444 2926 nescia,
475 2871 516 2915 et
537 2869 815 2927 praesentis
839 2869 1008 2917 solum
1035 2872 1304 2918 serenitatis
1335 2872 1531 2918 statum
1557 2874 1760 2930 experta,
1792 2871 1863 2917 ¹ita

270 2953 445 2997 cuncta
468 2952 686 2998 ueritatis
717 2967 774 3000 ae
805 2955 1018 3002 iustitiae
1042 2954 1374 3001 moderamina
1403 2968 1633 3000 concussa
1666 2967 1723 2999 ae
1758 2954 1864 3000 sub·

268 3046 410 3079 uersa
433 3035 556 3092 szmt,
578 3037 634 3080 ut
657 3048 824 3083 earum
843 3051 942 3084 non
960 3037 1116 3084 dicam
1135 3037 1403 3097 uestiyz'um,
1425 3036 1505 3083 sed
1529 3049 1588 3082 ne
1612 3035 1861 3082 memoria

324 3168 336 3191 ¹
367 3182 451 3218 que
471 3182 531 3208 om
564 3170 620 3210 M.
819 3171 837 3197 2
866 3174 1004 3211 etiam
1026 3186 1151 3211 nune
1175 3173 1325 3212 Const.
1521 3173 1536 3195 ³
1567 3173 1780 3212 satelibus
1801 3173 1857 3212 M.

270 3234 283 3255 ¹
311 3233 433 3273 ¹-nia'
455 3235 514 3274 M.
536 3236 614 3284 HI.
783 3236 798 3259 ⁵
827 3241 954 3277 -runt
972 3238 1044 3278 M1.
1230 3272 1240 3301 ι

1898 1229 2034 1265 Death
2053 1232 2098 1264 of

1899 1278 2142 1315 Germanus.

1898 2224 2004 2260 civil
2022 2235 2128 2260 wars

1896 2275 1981 2309 and
2000 2275 2155 2309 demor-

1897 2325 2092 2359 alisation
2114 2326 2159 2357 of

1896 2374 2152 2410 theBritons.
