2240 3444
66 438 98 476 ὅ,
111 446 142 478 9.
167 434 228 468 On
242 445 326 469 cer-

65 483 157 517 tain
177 495 293 527 ques—

65 533 176 568 tions
193 534 240 568 of

64 584 255 626 personal

66 633 217 677 purity.

364 110 434 159 54
491 126 493 129 ·
828 110 1090 165 Historia
1128 113 1518 170 Ecclesiastica
1804 129 1968 180 [L1B.1.

362 257 641 316 mysterium
693 261 1047 308 communionis
1104 276 1264 310 sacrae
1318 265 1572 313 accedere?
1635 265 1765 327 Quae
1806 268 1969 315 omnia

361 339 473 386 rudi
508 338 792 401 Anylorum
826 344 958 402 yenti
995 348 1174 403 oportet
1209 346 1377 394 haberi
1410 353 1646 408 conperta.

425 423 697 484 Respondit
750 425 1009 486 Gregorius
1029 443 1042 473 .·
1098 428 1207 475 Hoc
1245 445 1345 477 non
1387 433 1576 493 ambiyo
1609 432 1970 492 fraternitatem

357 509 494 554 tuam
518 522 614 556 esse
644 510 937 570 requisitam,
969 512 1048 558 cui
1082 514 1181 561 iam
1211 517 1254 561 et
1287 528 1570 575 responsum
1602 518 1862 567 reddidisse
1898 534 1972 566 me

357 590 572 638 arbitror.
667 591 763 639 Sed
809 593 906 652 hoc,
960 596 1085 654 quod
1124 597 1222 655 ipse
1266 597 1416 645 dicere
1458 603 1501 646 et
1538 602 1714 648 sentire
1742 604 1966 662 potuisti,

359 673 506 733 credo,
563 676 679 734 quia
728 690 835 723 mea
878 678 1014 737 apud
1064 682 1106 726 te
1156 680 1368 728 uolueris
1409 685 1712 742 responsione
1750 685 1964 744 firmari.

357 757 548 805 Mulier
587 759 759 805 etenim
791 774 1038 820 pregnans
1080 776 1168 809 cur
1206 779 1308 810 non
1349 765 1513 813 debeat
1556 768 1804 828 baptizari,
1860 784 1970 816 cum

360 855 459 887 non
490 842 554 888 sit
590 845 700 888 ante
738 844 1082 903 omnipotentis
1105 846 1201 894 Dei
1231 848 1392 896 oculos
1429 850 1574 909 culpa
1609 852 1778 911 aliqua
1792 852 1970 911 fecun-

358 923 487 972 ditas
512 925 713 972 carnis?
772 926 908 974 Nam
934 942 1044 974 cum
1059 930 1215 989 primi
1230 935 1462 990 parentes
1487 935 1641 981 nostri
1666 936 1719 982 in
1734 936 1970 995 paradiso

358 1006 678 1067 deliquissent,
727 1009 1142 1072 inmortalitatem,
1189 1029 1336 1073 quam
1373 1021 1664 1078 acceperant,
1708 1023 1832 1067 recto
1874 1021 1970 1068 Dei

362 1089 537 1137 iudicio
553 1091 886 1150 perdiderunt.
969 1094 1098 1155 Quia
1131 1097 1291 1157 itaque
1320 1099 1469 1146 isdem
1505 1101 1808 1161 omnipotens
1831 1104 1969 1152 Deus

356 1173 629 1221 humanum
651 1190 805 1235 [senus
820 1192 914 1236 pro
939 1179 1083 1238 culpa
1107 1194 1199 1227 sua
1219 1181 1461 1240 funditus
1493 1185 1766 1245 extinyuere
1790 1187 1960 1247 noluit,

356 1260 400 1304 et
427 1258 823 1307 inmortalitatem
846 1261 1032 1309 homini
1046 1279 1141 1323 pro
1157 1270 1352 1324 peccato
1377 1282 1463 1314 suo
1488 1269 1701 1330 abstulit,
1737 1274 1781 1318 et
1806 1274 1967 1320 tamen

345 1355 438 1399 pro
500 1342 790 1402 beniynitate
850 1360 968 1393 suae
1015 1348 1218 1406 pietatis
1267 1350 1621 1409 fecunditatem
1686 1355 1728 1401 ei
1786 1356 1968 1403 subolis

356 1427 635 1473 reseruauit.
717 1426 852 1488 Quod
887 1443 993 1489 eryo
1025 1435 1229 1480 naturae
1261 1433 1508 1482 humanae
1541 1451 1597 1483 ese
1627 1439 1968 1498 omnipotentis

354 1507 449 1554 Dei
483 1508 605 1556 dono
642 1515 889 1558 seruatum
923 1517 1004 1573 est,
1037 1530 1136 1574 qua
1166 1517 1351 1564 ratione
1378 1520 1553 1577 poterit
1576 1536 1607 1568 a
1631 1524 1759 1569 sac-ri
1792 1523 1966 1583 baptis-

357 1592 499 1638 matis
521 1594 682 1651 qratia
696 1593 1014 1654 prohibere&
1083 1599 1155 1646 In
1191 1600 1273 1647 illo
1309 1603 1482 1662 quippe
1518 1607 1752 1665 mysterio,
1788 1607 1843 1653 in
1873 1622 1965 1666 Quo

356 1675 513 1722 omnis
556 1677 699 1736 culpa
730 1677 972 1743 funditus
1019 1683 1330 1743 extinyuitur7
1375 1686 1519 1733 ualde
1556 1689 1760 1736 stultum
1796 1693 1876 1750 est,
1921 1692 1964 1737 si

357 1758 536 1805 donum
569 1762 755 1820 cratiae
791 1764 1108 1812 contradicere
1134 1781 1275 1826 posse
1310 1769 1550 1818 uideatur.

426 1841 549 1889 Cum
590 1858 703 1891 uero
741 1846 885 1893 enixa
916 1847 1076 1906 fuerit
1113 1851 1298 1910 mulier,
1334 1857 1447 1912 post
1494 1859 1607 1914 (suot
1653 1857 1753 1905 dies
1801 1857 1964 1906 debeat

356 1925 601 1972 ecclesiam
638 1927 830 1987 intrare,
864 1932 1135 1979 testamenti
1166 1937 1340 1982 ueteris
1362 1940 1700 1998 praeceptione
1732 1941 1954 2000 didicisti,

358 2010 410 2053 ut
423 2022 515 2066 pro
549 2011 758 2057 niasculo
792 2012 957 2060 diebus
981 2014 1261 2077 XXXIII,
1282 2033 1375 2078 pro
1389 2019 1585 2078 femina
1609 2026 1769 2070 autem
1795 2025 1962 2072 dieb-us

353 2090 457 2137 LX
468 2091 545 2138 VI
561 2092 723 2140 debeat
741 2095 991 2144 abstinere.
1051 2098 1185 2159 Quod
1210 2104 1370 2150 tamen
1395 2105 1644 2152 sciendum
1668 2110 1748 2167 est⁷
1773 2109 1888 2166 quia
1907 2109 1961 2155 in

352 2175 574 2233 mysterio
590 2178 836 2236 accipitur.
883 2179 1021 2226 Nam
1036 2182 1078 2228 si
1092 2182 1210 2231 liora
1226 2185 1401 2245 eadem,
1423 2202 1521 2246 Qua
1536 2192 1766 2249 yenuerit,
1789 2194 1962 2239 aetitia

349 2258 537 2315 qratias
575 2259 729 2307 intrat
763 2262 1020 2323 ecclesiam⁷
1059 2266 1194 2313 nullo
1221 2271 1412 2327 peccati
1437 2272 1649 2331 pondere
1682 2278 1956 2334 yrauatur;

356 2341 579 2400 uoluptas
603 2344 777 2389 etenim
803 2347 977 2405 carnis,
1008 2363 1107 2395 non
1132 2350 1265 2398 dolor
1289 2353 1340 2399 in
1374 2355 1516 2414 culpa
1541 2360 1620 2403 est.
1697 2357 1767 2404 In
1800 2360 1961 2406 carnis

353 2427 517 2470 autem
541 2427 864 2475 commistione
896 2430 1122 2489 uoluptas
1146 2437 1214 2480 est
1235 2451 1249 2491 ;
1288 2451 1407 2483 nam
1442 2438 1492 2485 in
1507 2440 1664 2498 prolis
1688 2442 1960 2500 prolatione

349 2508 569 2565 yemitus.
672 2509 809 2557 Unde
852 2514 895 2558 et
939 2513 1028 2571 ipsi
1061 2516 1256 2574 primae
1295 2522 1443 2567 matri
1481 2523 1699 2570 omnium
1742 2525 1957 2572 dicitur:

357 2590 454 2637 'In
497 2591 735 2639 doloribus
762 2594 964 2652 paries.5
1049 2596 1105 2644 Si
1142 2599 1305 2659 ‘itaque
1347 2604 1540 2651 enixam
1578 2607 1824 2655 mulierem
1849 2623 1960 2668 pro-

351 2673 567 2721 hibemus
613 2676 858 2724 ecclesiam
905 2679 1100 2739 intrare,
1157 2683 1313 2741 ipsam
1360 2687 1402 2732 ei
1450 2702 1663 2746 poenam
1714 2705 1857 2738 suam
1903 2693 1958 2739 in

351 2757 543 2816 culpam
580 2758 879 2817 deputamus.
955 2762 1220 2821 Baptizare
1256 2771 1416 2815 autem
1451 2771 1530 2817 uel
1567 2772 1761 2819 enixam
1794 2775 1958 2823 mulie·

351 2853 461 2898 rem,
496 2841 574 2888 uel
597 2841 681 2888 lioc
706 2843 832 2902 quod
851 2846 1081 2905 yenuerit,
1112 2848 1155 2893 si
1180 2851 1347 2897 mortis
1361 2854 1578 2910 periculo
1602 2860 1847 2916 uiyuetur,
1879 2859 1958 2906 uel

354 2922 506 2980 ipsam
547 2923 664 2972 liora
706 2927 882 2987 eadem,
932 2944 1029 2987 qua
1073 2931 1243 2991 amitit,
1286 2934 1365 2980 uel
1403 2935 1499 2996 leoc⁷
1547 2939 1671 2997 quod
1714 2940 1947 3001 yiynitur,

349 3004 523 3065 eadem,
559 3022 656 3066 (lita
679 3012 854 3056 natum
879 3015 959 3071 est,
990 3013 1126 3060 nullo
1151 3015 1287 3062 modo
1309 3018 1619 3079 prohibetur;
1657 3024 1771 3081 quia
1798 3025 1955 3072 sancti

348 3090 561 3148 mysterii
583 3094 758 3152 qratia,
789 3095 915 3141 sieut
947 3095 1229 3145 *uiuentibus
1258 3102 1398 3159 atque
1432 3102 1812 3154 discernentibus
1842 3121 1950 3155 cum

914 3198 925 3220 ¹
957 3200 1106 3250 ·riH1.
1129 3207 1215 3242 and
1234 3217 1272 3242 so
1292 3205 1392 3245 ΑΒ.

1992 1958 2124 1995 Leuit.
2138 1960 2207 1995 xii.

1991 2019 2027 2053 4,
2047 2022 2077 2053 5-

1989 2620 2090 2656 Gen.
2112 2621 2167 2656 iii.

1992 2683 2003 2704 1
2011 2672 2042 2706 6.
