2240 3444
327 128 436 179 310
788 126 1053 180 Historia
1091 124 1483 178 Ecclesiastica
1748 133 1859 185 [Lm.
1882 137 1930 175 V.

325 274 556 323 studiose
592 274 656 322 ab
685 273 776 322 1110
810 273 1020 323 auditus
1053 275 1143 334 est,
1174 274 1233 321 ut
1270 272 1381 320 eius
1406 273 1591 334 rogatu
1615 269 1931 318 monasterio

324 373 481 420 supra
519 359 806 406 memorato
848 357 1062 419 inditus,
1108 373 1166 404 ac
1214 354 1516 403 monachica
1572 350 1576 418 Ι
1610 353 1679 401 sit
1718 355 1934 402 tonsura
1962 364 2125 400 12110a.

327 442 614 500 coronatUS,
656 443 812 503 atque
850 441 914 488 ad
948 456 1069 488 eum
1103 438 1427 487 audiendum
1462 435 1779 498 saepissime,
1811 452 1931 484 cum

325 523 443 572 illas
490 524 547 571 in
594 524 767 586 partes
807 522 1119 583 deuenisset,
1167 521 1445 569 accederet.
1540 519 1639 567 Cui
1686 518 1933 567 uidelicet·

325 607 640 655 monasterio
681 610 918 669 tempore
953 606 1045 654 illo
1082 604 1352 667 religiosae
1395 620 1451 651 ac
1490 603 1753 650 modestae
1791 602 1932 651 uitae

326 691 484 739 abbas
511 693 562 739 et
588 691 858 754 presbyter
882 689 1127 738 Ediluald
1145 689 1158 714 ¹
1184 689 1431 750 praeerat,
1454 687 1545 749 qui
1575 704 1717 735 nunc
1743 687 1932 750 episco-

326 775 498 837 palem
540 773 986 822 Lindisfarnensis
1025 771 1270 820 ecclesiae
1310 771 1611 819 cathedram
1659 771 1932 834 condignis

327 859 489 922 gradu
515 858 719 907 actibus
745 859 929 905 seruat.

37 954 113 1010 nis
396 942 614 1004 Accepit
639 943 815 989 autem
832 939 889 988 in
906 940 1089 988 eodem
1108 937 1428 986 monasterio
1448 938 1622 986 locum
1642 937 1934 988 mansionis

34 1014 279 1090 ΞῙΞΞᾙῩΞΞΙΠ
326 1024 668 1084 secretiorem,
722 1020 843 1071 ubi2
899 1021 1115 1070 liberius
1173 1020 1437 1070 continuis
1493 1022 1551 1069 in
1611 1020 1934 1069 orationibus

326 1107 605 1156 famulatui
640 1107 721 1156 sui
752 1105 1036 1155 conditoris
1075 1107 1296 1154 uacaret.
1374 1106 1444 1154 Et
1483 1104 1604 1168 quia
1640 1105 1786 1153 locus
1820 1104 1933 1167 ipse

326 1208 481 1254 super
505 1191 673 1253 ripam
706 1189 943 1238 fluminis
977 1190 1084 1236 erat
1114 1189 1260 1250 situs,
1301 1189 1497 1237 solebat
1530 1189 1626 1236 hoc
1657 1188 1832 1236 creber
1870 1188 1934 1237 ob

326 1292 579 1337 magnum
601 1273 886 1336 castigandi
905 1271 1130 1335 corporis
1145 1272 1390 1320 affectum
1411 1272 1630 1335 ingredi,
1656 1289 1712 1320 ac
1730 1271 1935 1334 saepius

326 1359 383 1406 in
423 1375 482 1406 eo
522 1357 977 1421 supermeantibus
1014 1357 1174 1404 undis
1216 1356 1471 1419 inmergi3
1517 1356 1693 1419 sicque
1733 1356 1933 1404 ibidem

327 1441 577 1504 quamdiu
604 1440 860 1489 sustinere
880 1456 1031 1502 posse
1048 1439 1335 1500 uidebatur,
1360 1440 1576 1502 psalmis
1593 1440 1679 1487 uel
1697 1439 1934 1502 precibus

325 1525 579 1586 insistere,
626 1524 866 1587 fixusque
902 1540 1129 1585 manere,
1174 1524 1486 1571 ascendente
1525 1540 1658 1585 aqua
1696 1522 1932 1570 fluminis

329 1625 492 1671 usque
543 1609 607 1656 ad
657 1608 880 1668 lumbos,
925 1607 1208 1669 aliquando
1258 1608 1341 1655 et3
1391 1624 1555 1669 usque
1596 1607 1660 1655 ad
1699 1607 1931 1667 collum;

324 1694 477 1754 atque
504 1691 625 1739 inde
659 1691 931 1754 egrediens
960 1691 1024 1739 ad
1057 1693 1268 1752 terram,
1300 1707 1596 1752 numquam
1629 1690 1742 1753 ipsa
1778 1690 1931 1738 uesti-

328 1777 507 1823 menta
548 1775 650 1823 uda
689 1777 844 1837 atque
885 1774 1056 1837 algida
1094 1775 1352 1836 deponere
1393 1775 1616 1835 curabat,
1665 1774 1827 1822 donec
1870 1790 1933 1821 ex

329 1875 423 1906 suo
459 1875 668 1919 corpore
704 1858 999 1906 calefierent
1037 1860 1089 1906 et
1127 1858 1457 1907 siccarentur.
1533 1857 1772 1920 Cumque
1808 1858 1933 1905 tem-

327 1958 450 2003 pore
498 1941 713 1989 hiemali
763 1941 1112 1989 defluentibus
1160 1941 1293 1989 circa
1343 1959 1465 1989 eum
1518 1941 1932 1989 semifractarum

329 2024 516 2073 crustis
545 2025 843 2087 glacierum,
887 2041 1014 2086 quas
1053 2027 1103 2073 et
1137 2025 1247 2087 ipse
1280 2025 1562 2087 aliquando
1597 2024 1926 2084 conti-iuerat,

329 2125 431 2170 quo
470 2108 687 2156 haberet
718 2108 893 2155 locum
926 2108 1101 2157 standi
1138 2109 1251 2157 siue
1286 2108 1619 2171 inmergendi
1656 2108 1711 2155 in
1749 2107 1927 2166 fluuio,

328 2192 571 2251 dicerent,
604 2191 694 2253 qui
726 2191 1011 2243 uidebant:
1054 2192 1297 2253 ⁴Mirum,
1328 2192 1486 2240 frater
1521 2190 1932 2254 Drycthelme4,’

329 2275 445 2334 (1100
489 2275 632 2322 0111111
675 2277 784 2323 erat
827 2275 940 2322 uiro
983 2278 1214 2337 nomenss
1270 2275 1440 2337 ‘quod
1480 2277 1685 2322 tantam
1722 2273 1933 2336 frigoris

1569 2358 1580 2376 ⁹
1642 2357 1934 2419 Responde-

326 2441 415 2489 bat
440 2442 530 2489 ille
550 2441 868 2503 simpliciter,
892 2443 999 2489 erat
1018 2458 1246 2503 namque
1264 2442 1422 2489 homo
1443 2441 1695 2503 simplicis
1713 2440 1927 2503 ingenii,

326 2359 658 2420 asperitatem
686 2358 794 2406 ulla
818 2358 1020 2406 ratione
1040 2358 1260 2406 tolerare
1279 2358 1558 2419 praeuales.

327 2542 385 2572 ac
434 2525 729 2573 moderatae
779 2525 1063 2574 naturaef’:
1121 2525 1438 2588 ‘Frigidiora
1487 2542 1580 2588 ego
1628 2525 1771 2573 uidi.'
1864 2525 1932 2572 Et

328 2625 448 2656 cum
498 2608 765 2657 dicerent:
828 2608 1064 2669 ίΜ1Γ11111,
1120 2610 1256 2671 quod
1305 2611 1415 2657 tam
1456 2611 1714 2656 austeram
1755 2610 1935 2657 tenere
1969 2644 1973 2648 -

328 2691 705 2739 continentiam
752 2691 922 2741 uelis.'
996 2692 1400 2754 Respondebat:
1458 2692 1790 2739 ‘Auster-iora
1838 2708 1932 2754 ego

330 2774 471 2823 uidi.'
544 2774 730 2836 Sicque
764 2791 928 2837 usque
955 2775 1019 2824 ad
1056 2775 1197 2823 diem
1233 2792 1354 2823 suae
1392 2775 1676 2824 uocationis
1700 2774 1932 2837 infatiga-

329 2857 421 2905 bili
448 2858 751 2906 caelestium
783 2858 1042 2906 bonorum
1076 2858 1331 2906 desiderio
1368 2875 1554 2920 corpus
1591 2858 1755 2906 senile
1792 2858 1932 2906 inter

328 2941 586 2989 cotidiana
610 2941 805 2989 ieiunia
838 2942 1095 3004 domabat,
1127 2941 1413 3004 multisque
1451 2944 1502 2990 et
1536 2942 1694 2990 uerbo
1728 2944 1779 2990 et
1816 2958 1930 2990 con-

331 3025 623 3073 uersatione
648 3025 805 3073 saluti
829 3025 943 3074 fuit.

381 3161 394 3183 ¹
425 3163 681 3202 aebiluuald
704 3163 749 3203 O.
845 3161 860 3183 ²
889 3176 923 3203 r.
940 3165 1044 3202 note
1058 3162 1084 3215 2,
1111 3176 1155 3214 p.
1176 3176 1272 3213 309.
1356 3161 1370 3183 ³
1399 3166 1443 3202 et
1464 3177 1540 3203 om.
1562 3164 1621 3204 M.
1699 3164 1713 3186 4
1745 3164 1929 3215 drycht-

325 3227 357 3266 C
416 3228 537 3278 dryt-
559 3229 613 3268 N.
740 3229 754 3251 5
785 3241 835 3268 ac
859 3260 869 3269 .
893 3260 902 3270 .
925 3260 935 3269 .
956 3232 1156 3280 naturae,
1182 3234 1307 3269 added
1327 3243 1375 3268 on
1396 3235 1553 3280 marym
1574 3231 1633 3271 M.
