2240 3444
92 731 281 767 Election
295 729 340 764 of

89 783 325 824 Hwaetbert‚

89 834 201 868 June
221 843 250 876 7,
272 832 346 875 716.

373 131 482 183 398
872 124 939 178 H
941 122 1140 178 istoria
1178 120 1467 175 Abbatwm

373 275 559 320 Christe
583 274 709 318 Deus
731 271 934 316 defende
958 269 1067 315 illos
1088 271 1114 315 i’
1191 268 1267 313 Sic
1290 281 1504 325 egressus
1527 278 1702 309 nauem
1725 263 1892 308 adorat
1914 262 1975 307 ad

374 364 575 401 crucem,
607 346 916 402 ascenditque
951 360 1138 402 equum,
1172 346 1220 388 et
1253 341 1389 394 abiit,
1420 337 1624 385 abiectis
1656 336 1974 382 saecularium

372 439 529 468 rerum
553 423 691 477 curis,
719 423 952 468 festinans
977 423 1035 466 ab
1063 420 1167 478 ipsa
1197 431 1384 475 quoque
1412 415 1618 472 cognata
1645 411 1650 470 Ι
1680 411 1770 456 sibi
1792 411 1973 470 Anglo·
2000 417 2029 454 f.
2052 429 2096 465 29
2113 417 2150 454 b.

373 514 475 541 rum
519 501 664 556 gente
706 496 1005 555 peregrinari
1037 494 1090 538 in
1131 492 1269 538 terris
1312 504 1405 547 quo
1448 486 1647 532 liberior
1685 484 1976 542 puriorque1

374 572 536 616 animo
560 573 620 616 ad
643 571 1016 628 contemplanda
1041 568 1320 626 angelorum
1348 561 1588 609 consortia
1613 560 1893 606 redderetur
1923 559 1976 604 in

374 646 489 691 celis
508 645 537 690 ².

438 723 507 766 28.
542 719 735 766 Reuersi
763 719 823 763 ad
853 719 1135 764 aecclesiam
1165 719 1334 762 fratres
1363 712 1606 769 completa
1628 710 1845 758 oratione
1868 725 1975 755 con·
2005 720 2130 756 Baed.

377 796 539 840 silium
572 795 743 840 ineunt
777 794 889 850 quid
931 793 1125 845 faciant,
1165 792 1441 850 placuitque
1475 792 1529 834 ut
1564 788 1692 834 inter
1722 803 1887 846 preces
1930 791 1978 835 et
2005 770 2102 818 §18.

377 870 558 916 ieiunia
611 872 865 925 quererent
910 886 938 914 a
981 870 1202 924 Domino,
1241 885 1383 926 quem
1433 866 1525 913 sibi
1574 868 1801 912 abbatem
1848 878 1983 922 prae-

377 947 629 1003 ponerent.
694 944 784 989 Sed
819 945 931 1001 quia
965 949 1272 1004 praeceperat
1305 946 1470 991 abiens
1502 947 1642 1002 pater
1673 941 1981 996 uenerabilis,

377 1036 436 1065 ne
471 1018 583 1076 qui3
612 1021 669 1065 de
702 1019 801 1064 illis
834 1020 939 1077 ipsa
972 1036 1081 1066 suae
1119 1020 1438 1079 aegressionis
1469 1019 1548 1066 die
1583 1019 1832 1071 ieiunaret‚
1864 1016 1982 1076 quin

378 1096 537 1152 potius
575 1111 737 1141 omnes
775 1097 927 1141 maius
965 1097 1240 1142 conuiuium
1277 1097 1528 1149 haberent,
1563 1098 1611 1141 et
1648 1095 1706 1140 ob
1746 1094 1797 1139 id
1833 1094 1983 1140 etiam

378 1174 604 1228 quosdam
629 1174 686 1219 de
710 1174 804 1218 suis
828 1174 1079 1219 comitibus
1101 1173 1227 1230 apud
1251 1188 1331 1218 eos
1353 1187 1499 1228 usque
1523 1172 1584 1216 ad
1602 1173 1983 1215 consummatum

377 1248 631 1304 prandium
656 1252 907 1306 expectare
933 1251 1250 1307 praeceperat
1265 1247 1294 1301 4,
1320 1250 1424 1293 erat
1447 1250 1610 1292 autem
1626 1245 1642 1270 5
1664 1245 1834 1302 quinta
1857 1245 1983 1290 feria

379 1326 492 1367 ante
532 1323 826 1368 dominicam
859 1325 1176 1369 Pentecosten
1192 1323 1221 1377 ⁶,
1255 1323 1411 1368 uisum
1450 1326 1522 1369 est
1557 1322 1780 1380 sequenti
1814 1322 1891 1368 die
1928 1338 1982 1367 ac

376 1399 519 1441 nocte
563 1397 888 1449 ieiunandum,
929 1401 978 1443 et
1020 1399 1216 1443 sabbato
1260 1400 1452 1442 tantum
1496 1399 1556 1442 ad
1593 1413 1772 1443 nonam
1813 1398 1983 1443 horam

377 1471 700 1524 reficiendum,
727 1473 839 1529 quia
861 1476 1055 1530 propter
1079 1472 1274 1531 uigilias
1299 1472 1581 1518 Dominicae
1608 1471 1984 1530 sollempnitatis

377 1546 641 1602 nequibant
682 1548 808 1591 ultra
850 1548 1089 1604 protelare
1124 1547 1389 1600 ieiunium3
1435 1549 1517 1593 sed
1562 1551 1611 1593 et
1648 1547 1857 1605 psalmos
1889 1562 1986 1591 non

379 1637 552 1679 paucos
585 1638 671 1680 per
702 1638 935 1681 congruas
977 1623 1234 1669 canonicae
1278 1622 1511 1668 orationis
1542 1623 1682 1667 horas
1725 1623 1984 1681 augendos»,

378 1696 808 1753 obsecrandamque
837 1698 895 1741 ab
920 1697 1139 1742 omnibus
1167 1713 1422 1755 supernam
1453 1697 1690 1755 pietatem
1703 1695 1734 1750 ⁷,
1760 1695 1986 1753 quatinus

380 1785 436 1815 eo
471 1770 547 1815 die
584 1786 673 1827 quo
710 1786 795 1828 per
838 1771 1001 1817 Sancti
1034 1772 1239 1830 Spiritus
1271 1773 1533 1818 aduentum
1568 1771 1828 1817 aecclesiae
1871 1785 1982 1816 suae

380 1844 641 1901 primordia
679 1861 954 1891 consecrare
1006 1846 1207 1905 dignata
1259 1850 1343 1899 est,
1388 1846 1537 1892 etiam
1586 1846 1713 1904 ipsis,
1769 1845 1982 1904 portioni

381 1919 608 1963 uidelicet
633 1919 909 1973 aecclesiae,
939 1936 1026 1978 per
1059 1920 1273 1967 eiusdem
1305 1921 1510 1979 Spiritus
1541 1921 1748 1980 gratiam
1780 1920 1981 1979 dignum

381 1993 653 2038 ostenderet
677 1997 912 2040 rectorem
929 1995 957 2040 ⁵³.

443 2079 511 2122 29.
546 2067 632 2111 His
657 2068 726 2112 ita
759 2069 1006 2126 conpletis.
1040 2073 1281 2115 uenerunt
1314 2069 1398 2115 illo
1429 2071 1487 2116 de
1511 2069 1802 2115 monasterio
1827 2069 1981 2115 sancti
2011 2068 2065 2105 ib.

381 2140 517 2184 Pauli
549 2143 794 2199 perplures
827 2158 851 2188 e
879 2144 1107 2188 fratribus
1128 2145 1143 2169 ⁹
1168 2144 1245 2190 die
1278 2144 1516 2190 dominico
1538 2146 1868 2196 Pentecosten,
1898 2142 1903 2200 Ι
1932 2146 1983 2189 et
2013 2140 2042 2176 f·
2063 2152 2109 2185 30
2125 2151 2162 2176 a.

383 2215 608 2260 unanimo
645 2216 842 2261 consilio
882 2218 1129 2276 elegerunt
1152 2219 1557 2265 Hwaetberchtum
1581 2219 1633 2264 in
1662 2220 1766 2265 loco
1793 2219 1986 2264 abbatis

383 2288 710 2337 ordinandum,
736 2291 818 2346 qui
848 2290 899 2334 in
927 2293 1215 2338 monasterio
1247 2295 1416 2339 eodem
1446 2309 1473 2338 a
1499 2293 1656 2352 prima
1688 2297 1851 2339 aetate
1877 2309 1985 2339 con-

383 2366 608 2416 uersatus,
653 2367 700 2408 et
742 2365 1097 2411 aecclesiastica
1139 2367 1283 2412 simul
1316 2383 1370 2413 ac
1413 2368 1741 2413 monasteriali
1784 2367 1988 2414 scientia

384 2435 593 2486 inbutus,
638 2438 735 2482 iam
767 2442 883 2485 tunc
927 2441 1212 2499 presbyterii
1244 2444 1397 2501 gradu
1429 2443 1661 2501 pollebat.
1745 2442 1838 2488 Hic
1873 2455 1986 2501 ergo

437 2609 449 2631 ¹
481 2611 801 2663 puriorumque
822 2614 879 2653 H.
1011 2614 1025 2637 ²
1052 2620 1153 2656 Here
1174 2619 1194 2656 δ
1213 2620 1455 2666 interpolates
1465 2621 1576 2665 from
1605 2622 1706 2658 Beda
1735 2631 1777 2658 u.
1799 2632 1830 2659 s.
1852 2632 1882 2658 c.
1908 2631 1955 2668 17
1978 2633 1988 2658 z

389 2681 553 2720 ‘Tanta
582 2686 687 2722 enim
717 2686 812 2723 erat
846 2685 1157 2734 proficiscendi
1191 2718 1200 2727 .
1238 2719 1248 2728 .
1288 2720 1296 2728 .
1335 2720 1344 2728 .
1378 2690 1619 2739 nequiret3
1663 2689 1781 2729 hanc
1813 2690 1987 2728 habens

385 2762 572 2800 semper,
601 2756 644 2789 ut
674 2766 796 2800 supra
822 2757 905 2793 icem
936 2759 1129 2808 disemum,
1160 2760 1549 2810 consuetudinem,
1576 2791 1585 2799 .
1619 2790 1626 2798 .
1659 2789 1669 2800 .
1704 2759 1987 2810 rependeret.

386 2818 597 2869 Reuersi,'
622 2820 694 2860 ἄρ.
865 2822 879 2843 3
910 2825 1011 2873 quis
1035 2826 1069 2864 δ.
1215 2825 1229 2848 ‘¹
1260 2828 1398 2878 -cepit
1420 2829 1454 2867 δ.
1598 2827 1613 2850 ⁵
1639 2831 1685 2867 et
1706 2829 1814 2878 quia
1833 2830 1930 2867 erat
1951 2828 1986 2867 δ.

385 2886 400 2906 ⁰
428 2890 513 2925 -tes
534 2889 568 2927 δ.
670 2886 683 2908 ⁷
715 2895 988 2931 consuerunt
1008 2897 1088 2932 add
1108 2895 1141 2933 δ.
1245 2894 1260 2916 ⁸
1288 2900 1388 2936 Here
1410 2898 1441 2943 δ,
1467 2901 1645 2946 omittinq
1674 2899 1686 2919 ‘
1702 2897 1791 2937 His
1811 2898 1874 2936 ita
1893 2928 1903 2937 .
1923 2928 1932 2937 .
1949 2928 1959 2938 .
1976 2928 1986 2938 .

386 2952 719 3003 ordinandum,’
752 2960 890 2996 inserts
908 2961 1018 3005 from
1047 2963 1148 2999 Becle
1178 2974 1218 2999 u.
1250 2973 1282 3000 S.
1315 2976 1344 3002 c,
1385 2963 1462 3001 18:
1497 2962 1602 3002 ‘Hoc
1634 2966 1767 3010 ipsum
1796 2968 1927 3002 autem
1957 2968 1992 3003 et

388 3019 620 3058 monachis
647 3024 792 3059 cenobii
819 3023 941 3061 beati
967 3023 1099 3063 Pauli
1122 3055 1132 3064 .
1152 3055 1162 3065 .
1187 3055 1197 3065 .
1225 3057 1235 3066 .
1257 3029 1538 3067 conueniunt
1561 3032 1704 3068 iterum
1731 3042 1888 3068 omnes
1909 3061 1918 3069 .
1943 3061 1952 3070 .
1977 3059 1987 3069 .

387 3085 640 3131 sententia3
689 3085 890 3135 [eligitur
919 3089 1073 3138 itaque
1113 3095 1348 3130 uenerabilis
1381 3095 1620 3133 Witlzmerus
1646 3097 1691 3133 in
1719 3097 1892 3141 officium
1921 3098 1989 3133 ab-

389 3146 505 3197 batis]
539 3151 615 3197 qui
640 3150 686 3187 in
710 3154 1011 3200 monasterio‚'
1031 3154 1103 3195 &c.
1166 3159 1239 3196 The
1268 3160 1393 3195 words
1422 3160 1465 3196 in
1497 3161 1664 3198 brackets
1695 3172 1760 3200 are
1790 3163 1918 3199 added
1941 3173 1989 3199 on

388 3215 447 3250 the
467 3217 621 3261 maryin
644 3218 686 3253 in
707 3229 732 3254 α
751 3220 881 3256 rather
900 3221 994 3257 later
1012 3223 1133 3260 hand.
1260 3221 1275 3246 ⁹
1305 3221 1561 3262 effratribus
1581 3223 1639 3263 H.
