2240 3444
408 155 525 209 1481
859 154 1124 208 Historia
1162 154 1549 209 Ecclesiastica
1796 154 1908 223 [Lm.
1930 165 2004 205 111.

404 318 518 350 ossa
562 302 671 351 eius
715 303 946 364 inuenta,
992 306 1147 366 atque
1186 305 1249 352 ad
1294 303 1575 364 ecclesiam,
1621 301 1678 350 in
1719 318 1819 365 qua
1867 317 2007 349 nunc

403 388 689 448 seruantur,
720 387 971 436 translata
995 389 1133 436 sunt.
1217 388 1434 435 Factum
1460 389 1538 434 est
1571 387 1746 434 autem
1783 385 1881 432 hoc
1917 401 2008 446 per

403 469 721 518 industriam
759 470 967 533 reginae
1000 470 1313 518 Merciorum
1344 470 1642 533 Osthrydae
1664 468 1687 530 ¹,
1732 485 1862 531 quae
1899 470 2007 515 erat

403 553 513 601 filia
554 554 729 603 fratris
773 555 896 616 eius,
944 554 996 602 id
1040 556 1117 602 est
1158 554 1334 615 Osuiu,
1382 554 1471 617 qui
1509 556 1626 616 post
1667 552 1821 600 illum
1858 551 2007 615 regni

403 637 602 699 apicem
628 638 852 698 tenebat,
884 640 943 686 ut
972 638 1029 685 in
1055 638 1396 700 sequentibus
1422 637 1667 686 dicemus.

113 731 306 767 Oswald’s
473 723 568 769 Est
617 722 997 770 monasterium
1057 722 1232 770 nobile
1284 721 1341 769 in
1396 720 1666 783 prouincia
1725 718 1957 767 Lindissi
1975 719 2006 776 ²,

111 782 341 867 &arifgiated
404 805 619 852 nomine
646 806 953 854 Beardaneu
973 806 1003 866 3,
1036 807 1173 868 quod
1208 806 1387 853 eadem
1413 805 1593 867 regina
1618 821 1739 852 cum
1771 803 1886 851 uiro
1912 819 2005 851 suo

108 882 367 925 toBardney.
400 887 715 937 Aedilredo4
750 889 982 937 multum
1021 889 1281 951 diligebat,
1321 888 1679 949 uenerabatur,
1723 886 2001 946 excolebat,

400 969 458 1018 in
485 989 586 1033 quo
609 972 935 1020 desiderabat
956 973 1260 1021 honoranda
1280 972 1453 1035 patrui
1473 972 1554 1020 sui
1574 988 1688 1020 ossa
1706 972 2001 1020 recondere.

403 1054 641 1117 Cumque
678 1057 908 1104 uenisset
948 1073 1168 1117 carrum,
1210 1055 1266 1103 in
1316 1072 1418 1118 quo
1468 1055 1648 1103 eadem
1697 1072 1812 1104 ossa
1855 1056 2005 1104 duce-

399 1139 604 1200 bantur,
651 1140 991 1187 incumbente
1044 1156 1272 1201 uespera,
1327 1139 1384 1186 in
1437 1139 1816 1187 monasterium
1871 1156 2007 1202 prae-

399 1222 582 1282 fatum,
615 1222 901 1271 noluerunt
927 1239 997 1283 ea,
1031 1223 1121 1285 qui
1155 1225 1301 1270 erant
1335 1222 1392 1270 in
1418 1223 1751 1284 monasterio,
1783 1223 2007 1271 libenter

399 1304 666 1366 excipere3
720 1305 839 1367 quia
889 1305 985 1354 etsi
1033 1308 1272 1353 sanctum
1323 1322 1443 1353 eum
1492 1308 1762 1366 nouerant,
1808 1308 2001 1367 tamen,

398 1388 518 1450 quia
544 1389 605 1436 de
630 1389 730 1437 alia
755 1389 1023 1451 prouincia
1049 1391 1196 1436 ortus
1221 1389 1402 1449 fuerat,
1434 1391 1483 1437 et
1502 1406 1656 1451 super
1674 1406 1759 1438 eos
1785 1407 2006 1453 regnum

396 1476 669 1535 acceperat,
717 1474 980 1521 ueteranis
1017 1491 1138 1520 eum
1182 1473 1316 1522 odiis
1359 1473 1518 1521 etiam
1561 1476 1832 1522 mortuum
1876 1474 2008 1522 inse-

396 1557 700 1618 quebantur.
781 1557 936 1605 Unde
969 1557 1166 1605 factum
1204 1560 1294 1617 est,
1330 1559 1389 1605 ut
1421 1556 1532 1619 ipsa
1568 1559 1722 1605 nocte
1754 1557 2008 1620 reliquiae

395 1641 596 1688 adlatae
656 1641 781 1689 foris
830 1643 1211 1703 permanerent,
1266 1640 1492 1689 tentorio
1540 1643 1751 1689 tantum
1811 1641 2008 1689 maiore

395 1741 553 1786 supra
587 1741 806 1785 carrum,
838 1724 894 1772 in
929 1742 1032 1787 quo
1070 1725 1290 1785 inerant,
1324 1727 1551 1773 extenso.
1629 1725 1731 1773 Sed
1765 1724 2004 1773 miraculi

394 1808 629 1856 caelestis
667 1809 906 1868 ostensiO,
950 1826 1106 1870 quam
1146 1811 1444 1856 reuerenter
1482 1808 1603 1856 eae⁵
1642 1808 2000 1872 suscipiendae

393 1907 421 1938 a
447 1892 648 1940 cunctis
674 1892 916 1940 fidelibus
936 1894 1122 1953 essent,
1154 1892 1411 1954 patefecit.
1476 1891 1611 1940 Nam
1637 1894 1748 1940 tota
1773 1909 1830 1941 ea
1848 1895 2000 1941 nocte

394 1975 637 2023 columna
673 1975 804 2023 lucis
842 1993 870 2023 a
902 1992 1042 2023 carro
1076 1976 1168 2024 illo
1207 1977 1286 2032 adv
1309 1977 1508 2024 caelum
1544 1993 1709 2038 usque
1744 1979 1993 2039 porrecta,

395 2059 641 2106 omnibus
675 2075 807 2120 pene
845 2059 1079 2106 eiusdem
1099 2059 1354 2107 Lindissae
1370 2060 1386 2085 ⁶
1410 2059 1709 2122 prouinciae
1734 2060 1859 2108 locis
1885 2077 2000 2108 con-

391 2140 566 2202 spicua
612 2142 793 2190 stabat.
873 2141 1028 2189 Unde
1075 2159 1231 2189 mane
1277 2142 1412 2190 facto
1460 2143 1642 2191 fratres
1695 2143 2001 2191 monasterii

390 2222 548 2284 illius,
606 2224 695 2286 qui
754 2224 918 2286 pridie
977 2225 1280 2286 abnuerant,
1337 2225 1613 2288 diligenter
1664 2226 1764 2288 ipsi
1823 2229 1998 2288 petere

394 2311 690 2369 coeperunt,
724 2310 782 2355 ut
808 2308 943 2370 apud
971 2325 1025 2355 se
1052 2309 1262 2356 eaedem
1279 2308 1296 2334 ⁷
1322 2311 1527 2357 sanctae
1560 2326 1618 2357 ac
1643 2310 1753 2357 Deo
1781 2309 1997 2359 dilectae

391 2391 642 2454 reliquiae
668 2392 1026 2439 conderentur.
1105 2391 1236 2439 Lota
1272 2392 1434 2455 igitur
1470 2409 1585 2440 ossa
1618 2392 1916 2442 intulerunt
1941 2395 1998 2442 in

392 2475 614 2535 thecam,
647 2492 802 2536 quam
828 2474 884 2521 in
910 2476 1008 2522 hoc
1034 2477 1480 2537 praeparauerant,
1520 2477 1676 2537 atque
1701 2475 1758 2524 in
1784 2477 1998 2526 ecclesia

391 2558 535 2606 iuxta
567 2559 820 2606 honorem
858 2575 1148 2621 congruum
1182 2561 1501 2620 posuerunt,
1540 2561 1591 2607 et
1627 2562 1686 2607 ut
1719 2560 1859 2623 regia
1892 2560 1997 2609 uiri

390 2642 553 2690 sancti
587 2659 807 2704 persona
842 2642 1150 2690 memoriam
1184 2641 1397 2690 haberet
1427 2645 1708 2704 aeternam,
1739 2644 1995 2693 uexillum

389 2724 498 2773 eius
546 2742 701 2788 super
738 2726 979 2774 tumbam
1021 2743 1144 2774 auro
1189 2729 1239 2774 et
1275 2743 1503 2789 purpura
1545 2728 1875 2790 conpositum
1914 2730 1996 2778 ad-

388 2811 691 2870 posuerunt,
723 2809 993 2871 ipsamque
1026 2826 1229 2871 aquam,
1260 2809 1316 2856 in
1344 2826 1443 2872 qua
1475 2809 1714 2859 lauerant
1736 2811 1751 2835 ⁸
1778 2829 1906 2874 ossa,
1938 2812 1995 2861 in

386 2893 580 2955 angulo
606 2892 814 2940 sacrarii
838 2893 1102 2941 fuderunt.
1180 2893 1260 2940 Ex
1287 2910 1388 2955 quo
1414 2895 1646 2955 tempore
1670 2894 1869 2944 factum
1895 2899 1988 2957 est,

388 2973 445 3019 ut
484 2971 596 3033 ipsa
629 2974 779 3034 terra,
812 2989 944 3035 quae
975 2972 1242 3020 lauacrum
1277 2973 1282 3037 Ι
1315 2973 1614 3021 uenerabile
1651 2977 1892 3038 suscepit,
1927 2977 1992 3025 ad
2022 2994 2049 3030 f.
2072 3005 2112 3039 52
2131 3005 2164 3030 a.

442 3118 454 3144 ¹
483 3122 758 3172 ostrydaeN3
790 3122 969 3173 osbryoe
984 3122 1030 3162 O.
1125 3122 1140 3144 2
1169 3122 1328 3162 lindisi
1349 3123 1401 3162 N.
1497 3122 1511 3145 ³
1540 3124 1638 3174 —nig
1654 3123 1719 3165 B2.
1813 3125 1829 3148 ¹
1859 3127 1990 3166 aebil-

393 3187 438 3226 C.
601 3189 615 3211 ⁵
644 3200 719 3227 eae
741 3193 874 3228 crased
910 3202 937 3226 η
959 3189 1004 3228 G.
1028 3193 1110 3227 (md
1132 3189 1183 3229 B.
1346 3187 1360 3210 ⁶
1391 3201 1480 3229 -sae
1503 3190 1550 3231 C.
1573 3191 1623 3232 B.
1783 3191 1798 3214 ⁷
1829 3193 1986 3233 eadem

386 3252 442 3292 M.
465 3253 515 3293 B.
541 3254 586 3294 C.
831 3255 846 3278 8
875 3257 1000 3294 -runt
1023 3255 1080 3295 M.
1103 3255 1178 3304 H„
