2240 3444
376 117 484 166 ‘208
830 116 1096 170 Historia
1133 115 1525 171 Ecclesiastica
1771 126 1881 180 [Lm.
1905 129 1976 170 IV.

373 278 495 310 cum
543 263 724 326 regina
771 264 1152 329 Aedilthryde¹
1203 265 1267 313 de
1314 262 1585 327 prouincia
1629 261 1978 310 Orientalium

372 346 686 409 Anglorum,
729 351 942 412 eratque
980 348 1184 412 primus
1226 348 1604 407 ministrorum,
1648 348 1701 394 et
1737 346 1980 408 princeps

374 430 562 479 domus
588 432 711 480 eius.
791 432 893 493 Qui
929 449 1050 481 cum
1088 433 1347 481 crescente
1380 431 1504 479 fidei
1536 431 1741 478 feruore
1774 429 1980 477 saeculo

374 515 744 564 abrenuntiare
787 517 1101 579 disponeret,
1145 533 1253 564 non
1289 515 1387 563 hoc
1424 513 1655 577 segniter
1690 511 1850 573 fecit3
1889 512 1979 560 sed

374 599 501 648 adeo
537 617 592 648 se
624 601 814 650 mundi
844 601 1001 649 rebus
1038 600 1196 660 exuit,
1233 602 1292 648 ut
1325 599 1519 647 relictis
1552 596 1811 656 omnibus7
1848 611 1980 658 quae

373 683 608 745 habebat,
651 684 877 746 simplici
913 686 1124 733 tantum
1160 683 1344 732 habitu
1386 683 1616 742 indutUS‚
1661 682 1713 729 et
1755 679 1980 727 securim

374 768 529 829 atque
554 767 744 816 asciam
773 767 831 815 in
861 785 1022 816 manu
1048 768 1236 827 ferens,
1268 767 1472 814 ueniret
1503 765 1566 813 ad
1596 762 1977 812 monasterium

374 850 606 898 eiusdem
648 851 1061 899 reuerentissimi
1097 850 1272 913 patris,
1316 850 1454 912 quod
1493 851 1710 897 uocatur
1750 844 1979 894 Laestin-

373 932 550 997 gaeu‘2.
629 934 749 982 Non
794 934 938 982 enim
979 935 1043 983 ad
1081 934 1263 995 otium,
1306 936 1367 981 ut
1412 932 1639 995 quidam,
1677 931 1766 979 sed
1805 929 1868 978 ad
1906 929 1979 977 la·

372 1013 552 1062 borem
579 1030 632 1062 se
658 1016 1039 1062 monasterium
1073 1013 1270 1062 intrare
1295 1013 1549 1076 signabat.
1627 1010 1778 1072 Quod
1803 1010 1980 1071 ipsum

373 1097 532 1145 etiam
572 1097 708 1145 facto
761 1097 1109 1158 monstrauit3
1164 1114 1289 1145 nam
1328 1113 1429 1159 quo
1477 1095 1656 1144 minus
1680 1086 1980 1142 'sufficiebat

373 1180 703 1229 meditationi
746 1180 1136 1242 scripturarum,
1171 1197 1230 1229 eo
1271 1179 1501 1242 amplius
1540 1178 1683 1241 operi
1722 1192 1980 1225 manuum

301 1320 303 1323 ,
371 1265 609 1313 studium
650 1263 985 1326 inpendebat.
1064 1263 1304 1326 Denique
1329 1280 1451 1312 cum
1488 1263 1726 1326 episcopo
1759 1262 1817 1310 in
1842 1276 1980 1326 prae·

371 1348 476 1396 fata
514 1347 788 1395 mansione
836 1364 930 1410 pro
979 1364 1103 1395 suae
1151 1347 1446 1395 reuerentia
1495 1346 1791 1395 deuotionis
1838 1346 1980 1395 inter

369 1431 555 1479 fratres
590 1431 801 1479 habitus
816 1431 845 1492 ³,
878 1448 997 1479 cum
1027 1430 1109 1478 illi
1141 1430 1287 1479 intus
1324 1430 1537 1479 lectioni
1566 1430 1833 1492 uacabant‚
1865 1430 1976 1493 ipse

370 1514 510 1576 foris,
566 1531 696 1577 quae
745 1531 876 1577 opus
932 1531 1041 1563 esse
1090 1514 1418 1576 uidebantur,
1475 1514 1796 1576 operabatur.
1876 1514 1977 1575 Qui

371 1615 492 1647 cum
519 1599 600 1647 die
627 1599 852 1661 quadam
885 1599 989 1647 tale
1021 1598 1221 1661 aliquid
1258 1598 1385 1646 foris
1421 1601 1608 1662 ageret,
1642 1596 1886 1660 digressis
1910 1598 1974 1646 ad

371 1682 640 1730 ecclesiam
665 1682 830 1742 sociis,
863 1684 922 1730 ut
948 1681 1118 1731 dicere
1149 1698 1430 1745 coeperam⁷
1462 1684 1513 1730 et
1538 1682 1809 1744 episcopus
1834 1681 1976 1730 solus

369 1766 426 1814 in
475 1766 699 1815 oratorio
748 1766 849 1814 loci
897 1765 1109 1814 lectioni
1156 1766 1242 1814 uel
1286 1765 1509 1814 orationi
1556 1782 1766 1828 operam
1814 1765 1972 1827 daret,

441 1850 576 1898 diuit
629 1852 857 1912 repente,
907 1852 967 1898 ut
1007 1851 1186 1912 postea
1228 1849 1497 1911 referebat,
1543 1866 1727 1897 uocem
1775 1848 1977 1897 suauis-

371 1933 560 1981 simam
588 1933 914 1981 cantantium
940 1935 1096 1995 atque
1126 1932 1436 1981 laetantium
1463 1933 1526 1980 de
1552 1932 1691 1980 caelo
1719 1932 1783 1980 ad
1813 1934 1978 1980 terras

371 2033 536 2079 usque
554 2017 888 2076 descendere;
916 2034 1074 2079 quam
1091 2016 1334 2064 uidelicet
1354 2033 1537 2064 uocem
1557 2016 1621 2064 ab
1641 2016 1971 2077 Euroaustro,

371 2099 425 2147 id
473 2102 552 2148 est
601 2100 666 2148 ab
713 2100 820 2148 alto
869 2099 1124 2148 brumalis
1181 2101 1400 2160 exortus,
1456 2099 1627 2162 primo
1675 2116 1730 2147 se
1772 2099 1977 2147 audisse

373 2183 589 2244 dicebat,
618 2200 675 2231 ac
701 2183 889 2231 deinde
914 2183 1167 2245 paulatim
1192 2200 1308 2231 eam
1333 2182 1434 2230 sibi
1459 2183 1775 2246 adpropiare,
1812 2182 1978 2230 donec

373 2267 437 2315 ad
467 2268 668 2315 tectum
704 2283 870 2328 usque
907 2266 1129 2327 oratorii,
1170 2265 1227 2314 in
1265 2283 1366 2328 quo
1401 2268 1511 2314 erat
1544 2266 1829 2328 episcopus,
1860 2282 1977 2328 per-

373 2350 580 2398 ueniret
606 2368 616 2410 3
655 2350 793 2412 quod
818 2350 1063 2411 ingressa,
1095 2351 1270 2397 totum
1295 2349 1554 2411 impleuit,
1586 2351 1741 2412 atque
1767 2350 1824 2397 in
1849 2365 1977 2412 gyro

373 2433 727 2481 circumdedit.
806 2433 881 2480 At
919 2431 1008 2480 ille
1050 2432 1177 2479 dum
1217 2432 1474 2480 sollicitus
1514 2432 1572 2480 in
1610 2449 1682 2494 ea,
1726 2435 1857 2495 ‘quae
1895 2449 1978 2481 au·

373 2516 560 2578 diebat,
603 2515 844 2564 animum
892 2515 1204 2576 intenderet,
1245 2515 1448 2564 audiuit
1485 2516 1670 2577 denuo,
1712 2518 1977 2565 transacto

375 2599 525 2662 quasi
550 2599 800 2648 dimidiae
815 2599 972 2647 horae
991 2598 1169 2661 spatio,
1192 2599 1468 2647 ascendere
1494 2600 1557 2648 de
1582 2601 1720 2648 tecto
1741 2599 1977 2648 eiusdem

375 2683 585 2731 oratorii
615 2683 758 2731 idem
783 2681 1010 2730 laetitiae
1040 2682 1315 2743 canticum,
1360 2684 1412 2730 et
1449 2682 1572 2744 ipsa,
1605 2699 1706 2745 qua
1743 2683 1971 2744 uenerat,

373 2763 460 2811 uia
496 2764 558 2811 ad
592 2763 759 2812 caelos
794 2779 961 2825 usque
990 2779 1112 2810 cum
1147 2762 1402 2810 ineffabili
1433 2762 1739 2811 dulcedine4
1766 2761 1972 2811 reuerti.

376 2846 476 2907 Qui
502 2863 623 2894 cum
647 2845 1038 2908 aliquantulum
1071 2844 1229 2893 horae
1255 2845 1402 2908 quasi
1425 2845 1696 2894 adtonitus
1721 2848 1972 2907 maneret,

430 3009 441 3030 ¹
473 3010 560 3048 -doe
578 3010 614 3048 Β
637 3023 646 3058 ;
677 3009 970 3060 aedyldrydae
1002 3008 1069 3057 N;
1100 3007 1356 3058 aebilbryda
1386 3007 1431 3058 C,
1459 3012 1516 3046 Nee
1539 3021 1640 3047 cross
1669 3012 1759 3047 bars
1778 3010 1897 3056 ostke
1918 3008 1979 3048 6’s

376 3079 485 3123 being)
498 3079 684 3123 probably
705 3079 750 3122 by
771 3074 832 3126 0²,
854 3079 934 3113 who
955 3079 1028 3114 has
1046 3077 1127 3112 also
1147 3076 1286 3113 altered
1306 3078 1364 3112 the
1384 3075 1398 3112 i
1416 3078 1494 3112 into
1516 3086 1553 3114 e.
1712 3074 1727 3096 ²
1756 3078 1810 3114 sic
1827 3075 1873 3114 C.
1895 3072 1948 3113 Bl
1967 3088 1978 3124 ;

374 3154 445 3192 —ga
465 3142 509 3192 ig
529 3141 584 3180 B2
606 3156 615 3191 3
646 3142 895 3193 lestingaeu
917 3141 970 3180 N.
1094 3139 1109 3162 ³
1141 3140 1331 3179 habetus
1353 3140 1411 3180 M.
1431 3140 1504 3180 W¹
1526 3154 1536 3189 ;
1556 3141 1764 3190 habetur,
1786 3144 1924 3180 altered
1944 3145 1978 3179 το

374 3208 616 3247 haberetur
637 3207 685 3247 C.
810 3207 826 3232 ⁴¹
857 3206 1091 3246 dulcidine
1112 3205 1187 3245 M¹.
1209 3205 1256 3245 C.
