2240 3444
352 118 459 168 248
806 111 1070 166 Historia
1107 108 1499 163 Ecclesiastico,
1754 114 1863 166 [Lm.
1888 116 1957 154 1V.

353 252 517 298 Laeta
551 248 687 296 ridet
724 247 923 311 gladios
958 245 1092 293 ferro
1131 243 1393 292 robustior
1428 242 1624 305 AgneS,

424 332 644 382 Caecilia
680 332 899 379 infestos
934 330 1071 378 laeta
1107 328 1244 377 ridet
1281 326 1492 391 gladios

356 417 562 465 Multus
598 416 655 464 in
694 416 816 464 orbe
853 415 996 478 uiget
1032 431 1124 476 per
1160 412 1331 461 sobria
1368 410 1522 458 corda
1557 405 1875 468 triumphus,

427 499 733 548 Sobrietatis
770 515 916 546 amor
952 497 1155 545 multus
1191 496 1248 543 in
1287 494 1409 542 orbe
1446 491 1602 555 uiget.

356 585 554 631 Nostra
591 599 794 645 quoque
832 581 1037 644 egregia
1072 580 1177 627 iam
1214 581 1451 640 tempora
1486 575 1634 637 uirgo
1671 571 1884 631 beauit;

426 666 776 729 Aedilthryda
797 663 809 686 ¹
848 665 982 712 nitet
1018 665 1196 711 nostra
1232 678 1438 724 quoque
1475 657 1692 720 egregia.

362 752 490 798 Orta
526 751 671 812 patre
709 748 913 809 eximio,
956 747 1116 809 regali
1153 748 1203 793 et
1242 745 1519 793 stemmate
1557 741 1705 801 clara,

433 833 669 880 Nobilior
705 832 936 880 Domino
975 834 1066 892 est,
1110 832 1222 878 orta
1258 830 1402 891 patre
1440 825 1645 875 eximio.

365 917 596 978 Percipit
632 917 755 964 inde
793 916 950 963 decus
987 914 1211 977 reginae,
1255 914 1306 960 et
1344 913 1546 972 sceptra
1582 908 1679 957 sub
1716 905 1881 965 astris,

433 1001 563 1047 Plus
601 1017 757 1062 super
793 1000 931 1047 astra
968 1014 1201 1057 manens,
1243 994 1462 1058 percipit
1499 993 1623 1041 inde
1661 992 1829 1039 decus.

366 1084 507 1136 Quid
546 1083 694 1145 petis,
727 1083 878 1142 alma,
910 1082 1101 1142 uirum,
1134 1096 1325 1142 sponso
1364 1079 1469 1125 iam
1507 1076 1683 1125 dedita
1713 1090 1923 1123 summo
1945 1074 1970 1120 i>

436 1169 671 1230 Sponsus
708 1169 855 1215 adest
893 1167 1167 1226 Christus3
1210 1165 1332 1227 quid
1372 1163 1521 1225 petis,
1554 1161 1705 1221 311113,
1747 1160 1923 1208 uirum
1946 1161 1971 1207 ἱ)

365 1252 526 1314 Regis
564 1254 621 1300 ut
660 1250 889 1299 aetherei
926 1252 1151 1297 matrem
1189 1249 1293 1296 iam
1331 1248 1481 1295 credo
1519 1245 1764 1308 sequaris,

435 1337 514 1384 Tu
552 1352 758 1398 quoque
796 1334 866 1382 sis
903 1337 1074 1383 mater
1112 1333 1249 1396 regis
1286 1333 1345 1380 ut
1383 1330 1627 1379 aetherei.

367 1424 568 1481 Sponsa
607 1420 775 1467 dicata
813 1419 922 1465 Deo
960 1419 1042 1466 bis
1079 1435 1171 1465 sex
1207 1418 1517 1479 regnauerat
1554 1413 1719 1472 annis,

437 1503 606 1565 Inque
644 1503 962 1550 monasterio
999 1505 1078 1550 est
1116 1518 1306 1564 sponsa
1343 1501 1511 1549 dicata
1548 1498 1672 1545 Deo.

369 1590 501 1634 ¹Tota
539 1588 735 1634 sacrata
771 1586 891 1649 polo
930 1586 1081 1634 celsis
1117 1585 1209 1634 ubi
1245 1585 1424 1633 floruit
1462 1581 1605 1641 actis,

439 1670 688 1718 Reddidit
724 1672 881 1732 atque
917 1670 1149 1717 animam
1186 1671 1298 1717 tota
1335 1670 1532 1716 sacrata
1566 1668 1702 1730 polo.

372 1753 606 1815 Uirginis
643 1753 780 1801 alma
816 1770 930 1800 caro
966 1754 1043 1800 est
1077 1753 1339 1800 tumulata
1364 1752 1446 1799 bis
1480 1754 1593 1799 octo
1629 1749 1969 1799 Nouembres,

442 1836 547 1883 Nec
585 1838 734 1898 putet
770 1836 826 1884 in
865 1837 1074 1884 tumulo
1111 1836 1336 1898 uirginis
1373 1836 1511 1884 alma
1549 1852 1677 1883 0310.

372 1920 567 1980 Xriste,
609 1920 690 1967 tui
727 1923 806 1968 est
843 1920 1024 1982 operis,
1069 1922 1190 1982 quia
1227 1919 1390 1967 uestis
1426 1922 1478 1968 et
1515 1919 1626 1981 ipsa
1664 1917 1938 1981 sepulchro

443 2003 704 2051 Inuiolata
740 2004 913 2052 nitet:
959 2004 1148 2064 Xriste,
1192 2006 1271 2052 tui
1310 2006 1387 2051 est
1425 2003 1607 2065 operis.

372 2087 548 2134 Ydros
585 2089 636 2134 et
674 2089 785 2134 ater
822 2087 932 2135 abit
971 2104 1140 2135 sacrae
1175 2105 1269 2149 pro
1308 2087 1468 2134 uestis
1505 2087 1717 2147 honore,

444 2170 615 2217 Morbi
654 2170 954 2233 diffugiunt,
997 2171 1159 2233 ydros
1198 2173 1248 2218 et
1287 2173 1397 2219 ater
1438 2170 1562 2218 abit.

376 2254 533 2301 Zelus
570 2253 627 2301 in
665 2254 814 2301 hoste
850 2254 999 2314 furit,
1039 2255 1304 2316 quondam
1343 2256 1432 2316 qui
1470 2254 1666 2302 uicerat
1704 2254 1912 2313 Eua1n3

446 2337 609 2399 Uirgo
647 2337 940 2399 triumphat
978 2355 1153 2396 ouans,
1197 2338 1338 2386 zelus
1374 2338 1429 2385 in
1468 2338 1618 2385 hoste
1654 2337 1797 2385 furit.

375 2421 579 2483 Aspice,
625 2422 789 2483 nupta
826 2421 948 2480 Deo,
995 2439 1124 2483 quae
1162 2422 1229 2469 sit
1267 2422 1365 2469 tibi
1402 2422 1565 2484 gloria
1602 2421 1786 2481 terris;

447 2505 588 2564 Quae
626 2507 835 2552 maneat
872 2504 1037 2565 030115,
1080 2505 1264 2567 aspice,
1309 2508 1475 2568 nupta
1513 2505 1635 2554 Deo.

378 2591 604 2635 Munera
640 2588 776 2636 laeta
812 2588 965 2650 capis,
1007 2589 1212 2636 festiuis
1247 2588 1447 2651 fulgida
1484 2589 1664 2649 taedis,

450 2672 581 2718 Ecce
618 2672 765 2719 uenit
803 2688 1038 2734 sponsus,
1084 2689 1304 2720 munera
1340 2673 1474 2720 laeta
1512 2673 1664 2734 capis.

382 2758 451 2803 Et
489 2772 625 2803 noua
663 2755 935 2803 dulcisono
973 2755 1257 2803 modularis
1294 2756 1524 2803 carmina
1560 2757 1772 2818 plectro,

453 2840 653 2900 Sponsa
690 2839 890 2902 hymno
930 2839 1133 2887 exultas
1171 2842 1222 2887 et
1259 2856 1396 2887 noua
1433 2840 1717 2887 dulcisono.

385 2923 583 2969 Nullus
613 2922 677 2970 ab
714 2922 989 2970 altithroni
1027 2923 1277 2970 comitatu
1317 2925 1549 2985 segregat
1586 2923 1722 2985 agni,

455 3005 622 3066 Quam
660 3006 848 3053 affectu
886 3006 1078 3054 tulerat
1117 3006 1298 3053 nullus
1335 3006 1399 3053 ab
1436 3006 1723 3054 altithroni.

788 3129 798 3150 ¹
828 3133 891 3169 sic
913 3130 969 3169 Ν2
989 3144 998 3180 ;
1029 3131 1168 3169 -trida
1189 3131 1241 3168 N·
1263 3144 1272 3179 ;
1303 3130 1529 3185 ebilbryda
1552 3131 1599 3170 C.
