2240 3444
401 128 510 184 194,
851 125 915 177 H
917 124 933 177 ἱ
938 124 1116 177 storia
1154 121 1544 177 Ecclesiastica
1792 130 1901 183 [Lm.
1925 134 1999 172 111.

398 273 550 334 dinis,
574 272 938 333 continentiae,
964 271 1328 334 simplicitatis,
1351 272 1400 318 et
1421 268 1650 318 iustitiae
1669 268 1998 332 perfectione.

397 359 555 407 Unde
581 360 632 406 et
658 358 803 420 genti
828 373 949 404 suae
975 358 1027 404 et
1045 356 1166 416 illis,
1197 354 1253 402 in
1281 354 1471 417 quibus
1500 352 1756 414 exulabat,
1787 352 2006 401 nationi-

398 442 497 490 bus
543 441 842 489 Scottorum
881 439 992 488 siue
1033 439 1317 499 Pictorum,
1361 436 1634 499 exemplo1
1678 436 1908 498 uiuendi,
1954 439 2004 485 et

397 525 650 574 instantia
675 524 907 584 docendi,
940 526 991 571 et
1025 521 1332 570 auctoritate
1369 520 1694 584 corripiendi,
1725 523 1778 569 et
1810 521 2005 583 pietate

395 604 650 667 largiendi
694 604 757 651 de
800 603 896 664 his,
938 619 1067 665 quae
1101 619 1130 650 a
1169 601 1425 649 diuitibus
1463 603 1740 662 acceperat,
1773 600 2005 648 multum

397 689 605 750 profuit.
685 687 907 735 Addidit
933 688 1110 734 autem
1129 685 1281 746 uotis,
1305 701 1435 747 quae
1451 684 1694 744 diximus,
1716 685 1776 731 ut
1802 699 2008 745 semper

396 771 452 819 in
491 772 653 819 XLma
690 788 797 818 non
834 770 954 832 plus
993 786 1150 832 quam
1192 768 1354 816 semel
1393 767 1450 815 in
1496 767 1579 815 die
1620 767 1868 824 reficeret,
1900 783 2006 814 non

396 854 539 902 aliud
583 871 740 916 quam
777 869 970 916 panem
1008 869 1064 900 ac
1107 852 1184 900 lac
1221 850 1608 912 tenuissimum,
1652 852 1703 898 et
1745 850 1843 898 hoc
1886 866 2007 898 cum

394 954 642 985 mensura
667 939 898 1000 gustaret
924 955 934 996 3
973 936 1110 999 quod
1135 935 1380 984 uidelicet
1407 934 1484 982 lac
1510 933 1677 996 pridie
1709 950 1912 981 nouum
1949 932 2006 980 in

394 1022 514 1070 fiala
553 1038 746 1083 ponere
787 1019 999 1080 solebat,
1039 1021 1091 1067 et
1127 1021 1243 1082 post
1281 1020 1490 1066 noctem
1528 1017 1697 1065 ablata
1734 1015 2007 1079 superficie

397 1106 658 1165 crassiore,
688 1105 799 1166 ipse
824 1103 1091 1151 residuum
1118 1119 1236 1150 cum
1262 1102 1480 1162 modico,
1511 1103 1571 1149 ut
1598 1099 1843 1161 diximus,
1874 1115 2007 1162 pane

396 1188 619 1236 bibebat.
698 1187 859 1236 Cuius
883 1187 1103 1234 modum
1131 1169 1482 1234 continentiae
1517 1184 1675 1232 etiam
1702 1184 1799 1232 XL
1825 1183 2008 1231 diebus

396 1274 519 1319 ante
580 1270 754 1319 natale
815 1269 1046 1331 Domini,
1100 1269 1324 1318 totidem
1386 1285 1591 1331 quoque
1638 1270 1758 1331 post
1804 1269 2008 1330 peracta

398 1355 672 1404 sollemnia
697 1357 1036 1418 pentecostes,
1074 1354 1172 1402 hoc
1210 1356 1288 1401 est
1318 1354 1462 1414 Lfflass,
1496 1369 1701 1415 semper
1734 1352 2009 1400 obseruare

395 1438 617 1488 curabat.

973 1595 1126 1645 CAP.
1170 1594 1433 1645 XXVIII.

403 1725 448 1760 Ut
467 1723 644 1769 defuncto
659 1725 781 1763 Tucia,
805 1724 950 1770 Uilfin‘d
965 1720 979 1741 ‘²
998 1725 1043 1760 in
1061 1725 1200 1772 Gallia,
1225 1726 1374 1761 Ceccdda
1394 1725 1502 1769 apud
1521 1724 1773 1760 Occz'dentares
1786 1719 1801 1741 ³
1821 1724 2005 1770 Saxones,

582 1792 625 1826 m
639 1792 894 1836 poouz'ncz‘am
914 1792 1333 1835 Nordcmlzymbrorum
1353 1792 1434 1827 sint
1452 1791 1626 1827 ordinati
1646 1791 1824 1836 episcopi.

106 1905 279 1941 Wilfrid
466 1889 704 1937 INTEREA
722 1905 813 1936 rex
833 1888 1077 1937 Alchfrid
1094 1890 1108 1913 4
1129 1888 1275 1937 misit
1295 1888 1587 1937 Uilfridum
1605 1887 1620 1912 ²
1641 1888 2007 1951 presbyterum
2039 1904 2210 1950 EddiuS‚

106 1967 249 2042 ἓξὲῗεῇἰ
269 2006 314 2040 in
396 1974 461 2021 ad
497 1989 673 2035 regem
715 1974 1006 2033 Galliarum,
1044 1971 1134 2035 qui
1176 1989 1297 2020 eum
1340 1972 1440 2020 sibi
1477 1972 1686 2034 suisque
1725 1972 2010 2020 consecrari
2039 1967 2095 1992 ⁰⁰·
2123 1968 2170 2001 ¹¹’
2197 1968 2223 1990 ¹²

106 2056 226 2095 Gaul*
397 2056 583 2104 faceret
611 2056 923 2119 episcopum.
1001 2058 1076 2104 At
1111 2056 1202 2103 ille
1234 2057 1380 2104 misit
1410 2073 1532 2104 eum
1568 2056 1918 2104 ordinandum
1943 2055 2007 2104 ad

396 2140 812 2202 Amba-cemma
845 2140 907 2188 de
941 2157 1042 2202 quo
1077 2156 1233 2202 supra
1264 2140 1507 2201 diximus,
1539 2140 1640 2202 qui,
1673 2139 1851 2188 relicta
1875 2139 2009 2188 Brit·

397 2224 552 2285 tania,
585 2224 871 2273 Parisiacae
898 2223 1124 2272 ciuitatis
1150 2224 1318 2272 factus
1348 2226 1457 2272 erat
1495 2226 1744 2285 episcopus
1761 2241 1776 2283 ,·
1815 2226 1868 2271 et
1894 2241 2008 2272 con-

399 2310 628 2356 secratus
655 2309 732 2356 est
756 2324 947 2369 magno
973 2324 1094 2354 cum
1127 2308 1304 2355 honore
1329 2307 1392 2355 ab
1417 2307 1543 2369 ipso,
1575 2307 2009 2356 conuenientibus

398 2391 642 2454 plurimis
676 2390 928 2454 episcopis
965 2389 1020 2437 in
1060 2389 1171 2437 uico
1209 2390 1362 2452 regio,
1395 2390 1485 2452 qui
1521 2392 1735 2439 uocatur
1773 2391 1841 2438 In
1879 2392 2009 2440 Con-

398 2475 602 2537 pendio.
670 2474 782 2534 Quo
808 2474 975 2521 adhuc
1002 2473 1056 2521 in
1082 2473 1448 2521 transmarinis
1468 2474 1483 2498 ⁶
1507 2474 1741 2536 partibus
1767 2474 2008 2538 propter⁷

398 2558 780 2606 ordinationem
815 2558 1130 2617 demorante,
1170 2557 1406 2605 imitatus
1443 2557 1758 2606 industriam
1795 2558 1891 2606 filii
1927 2574 2011 2607 rex
2039 2573 2090 2609 ib.
2115 2584 2145 2608 0.
2173 2583 2221 2616 14.

402 2643 557 2691 Osum
577 2642 591 2665 ⁵²
616 2641 762 2689 misit
789 2640 1027 2690 Cantiam
1053 2640 1227 2688 uirum
1253 2642 1504 2701 sanctum,
1528 2641 1828 2689 modestum
1855 2643 2006 2691 mori-

397 2725 508 2786 bus,
558 2725 928 2787 scripturarum
971 2723 1195 2771 lectione
1234 2723 1550 2771 sufficienter
1587 2724 1922 2787 instructum,
1956 2729 2008 2775 et

397 2824 467 2868 ea,
490 2825 620 2870 quae
645 2809 702 2856 in
729 2807 999 2870 scripturis
1018 2807 1218 2870 agenda
1239 2806 1503 2868 didicerat,
1528 2807 1771 2869 operibus
1791 2809 2008 2857 solerter

396 2893 780 2954 exsequentem,
836 2890 925 2953 qui
985 2890 1323 2939 Eburacensis
1382 2890 1623 2938 ecclesiae
1682 2891 2008 2940 ordinaretur

397 2975 680 3037 episcopus.
773 2974 898 3022 Erat
945 2976 1120 3022 autem
1171 2973 1441 3036 presbyter
1487 2974 1740 3023 uocabulo
1793 2975 2000 3036 Cectdda,

451 3084 463 3106 ¹
495 3087 537 3124 et
560 3098 625 3124 ΘΧ.
649 3086 701 3125 Β.
723 3086 778 3125 N.
910 3084 924 3105 2
952 3085 1069 3124 uuil-
1093 3085 1139 3124 C.
1271 3083 1285 3104 ³
1318 3084 1557 3124 orientales
1578 3085 1639 3125 M.
1662 3086 1740 3134 Hl,
1864 3085 1876 3107 ⁴
1909 3086 2004 3125 alh-

395 3151 485 3189 frid
508 3152 555 3191 C.
735 3152 750 3173 5
782 3153 1009 3191 -berctum
1032 3152 1083 3190 Β.
1100 3151 1139 3189 Ν
1161 3164 1170 3199 ;
1192 3150 1424 3190 -berhtum
1447 3151 1494 3191 C.
1664 3150 1679 3173 ⁶
1707 3153 1908 3192 ·mirinis
1928 3153 2004 3193 Μ’.

394 3215 408 3238 ⁷
440 3230 521 3268 pro
545 3218 622 3268 C-‘3
653 3220 750 3269 post
774 3217 841 3259 B2.
1003 3218 1017 3241 ⁸
1048 3219 1172 3257 osuio
1193 3216 1253 3257 M.
