2240 3444
120 2762 310 2797 Another

119 2812 301 2848 miracle.

395 128 499 178 158
847 119 1113 174 Historia
1150 117 1540 172 Ecclesiastica
1787 123 1896 176 [Lm.
1920 125 1996 164 111.

391 272 558 321 redire
608 269 929 334 disponebat,
983 268 1196 317 accessit
1246 267 1310 315 ad
1361 266 1662 329 episcopum
1709 263 1994 318 Aidanum‚

393 357 669 405 obsecrans
705 371 827 402 eum
863 370 957 415 pro
995 369 1050 400 se
1086 351 1308 414 suisque,
1352 350 1443 413 qui
1474 351 1683 398 tantum
1719 347 1818 395 iter
1855 346 2002 393 erant

392 438 700 504 adgressuri,
744 436 974 486 Domino
1011 435 1317 498 supplicare.
1395 433 1496 495 Qui
1536 431 1846 481 benedicens
1882 428 2003 476 illos

393 541 449 572 ac
491 522 722 572 Domino
771 520 1160 580 commendans,
1207 518 1350 566 dedit
1400 517 1558 565 etiam
1603 515 1778 563 oleum
1821 511 2004 561 sancti·

394 607 634 656 ficatum:
668 604 840 665 ‘Scio,'
858 603 1117 665 inquiens,
1146 601 1300 664 ‘quia,
1325 601 1418 649 ubi
1436 617 1627 649 nauem
1647 596 1998 655 ascenderitis,

394 692 679 752 tempestas
704 687 867 748 uobiS,
899 688 951 734 et
976 688 1167 734 uentus
1193 684 1485 733 contrarius
1510 682 1844 746 superueniet
1867 699 1878 741 ;
1916 680 2006 728 sed

395 777 452 823 tu
490 774 775 831 memento,
820 772 879 818 ut
915 770 1013 817 hoc
1050 768 1237 830 oleum,
1287 769 1424 831 quod
1460 768 1558 816 tibi
1596 767 1675 828 do,
1723 765 1907 813 mittas
1948 764 2006 811 in

395 874 571 917 mare;
622 858 673 903 et
700 854 879 903 statim
913 838 1304 916 quiescentibus
1335 851 1521 912 uentis,
1566 850 1815 899 serenitas
1845 848 2008 914 maris

396 958 491 989 uos
539 940 674 987 laeta
720 938 1075 1000 prosequetur,
1120 952 1177 983 ac
1221 935 1393 998 cupito
1441 935 1630 983 itinere
1670 935 1888 982 domum
1937 949 2009 980 re-

398 1023 610 1073 mittet.'
708 1022 850 1082 Quae
896 1021 1099 1081 cuncta,
1154 1022 1216 1068 ut
1263 1020 1587 1082 praedixerat
1645 1019 1878 1078 antistes,
1946 1028 2028 1065 eX'

398 1107 580 1156 ordine
618 1105 858 1168 conpleta
891 1105 1049 1162 sunt;
1093 1105 1144 1151 et
1179 1103 1391 1166 quidem
1428 1102 1672 1166 inprimis
1710 1100 2010 1150 furentibus

398 1191 555 1239 undis
579 1189 762 1252 pelagi,
789 1187 1084 1236 temtabant
1104 1189 1293 1235 nautae
1319 1186 1559 1235 anchoris
1583 1186 1640 1234 in
1665 1203 1807 1234 mare
1834 1183 2012 1232 missis

400 1291 590 1322 nauem
615 1272 856 1332 retinere,
882 1287 1053 1332 neque
1072 1270 1171 1318 hoc
1191 1272 1405 1333 agentes
1425 1270 1623 1333 aliquid
1650 1269 2004 1332 proficiebant.

401 1358 638 1419 Cumque
671 1354 1004 1404 uerrentibus
1042 1353 1279 1416 undique
1316 1355 1367 1402 et
1403 1354 1603 1416 inplere
1634 1351 2012 1414 incipientibus

401 1458 592 1490 nauem
642 1438 902 1499 fiuctibus,
958 1440 1187 1485 mortem
1237 1436 1337 1485 sibi
1386 1454 1572 1485 omnes
1627 1436 1904 1495 inminere,
1960 1437 2012 1483 et

400 1525 719 1586 iamiamque
762 1522 940 1571 adesse
982 1520 1240 1582 uiderent,
1289 1522 1505 1569 tandem
1548 1521 1821 1583 presbyter
1863 1519 2012 1567 remi-

403 1610 612 1657 niscens
650 1607 808 1654 uerba
845 1604 1113 1666 antistitis,
1163 1605 1406 1653 adsumta
1444 1604 1706 1667 ampulla1
1756 1603 1903 1652 misit
1947 1604 2010 1652 de

404 1693 516 1740 oleo
556 1691 613 1739 in
651 1691 891 1753 pontum,
941 1690 992 1736 et
1040 1688 1236 1748 statim,
1285 1690 1345 1736 ut
1388 1687 1712 1751 praedictum
1753 1688 1874 1744 erat,
1918 1703 2013 1734 suo

405 1775 603 1840 quieuit
628 1792 657 1822 a
681 1774 897 1822 feruore.
974 1772 1161 1834 Sicque
1184 1772 1383 1820 factum
1409 1774 1499 1833 est,
1530 1773 1589 1819 ut
1615 1770 1698 1818 uir
1724 1770 1823 1818 Dei
1848 1772 1898 1818 et
1923 1786 2015 1832 per

404 1858 706 1923 prophetiae
733 1855 1007 1919 spiritum2
1028 1858 1395 1919 tempestatem
1419 1854 1735 1919 praedixerit
1760 1854 2009 1914 futuram,

404 1945 454 1990 et
474 1959 564 2004 per
584 1941 837 1989 uirtutem
858 1940 1090 1988 eiusdem
1110 1939 1325 2002 spiritus
1345 1939 1480 1986 hanc
1500 1940 1748 1998 exortam,
1772 1936 2015 2000 quamuis

404 2025 736 2088 corporaliter
760 2024 961 2082 absens,
988 2022 1251 2085 sopiuerit.
1321 2022 1483 2071 Cuius
1509 2021 1748 2069 ordinem
1773 2019 2015 2068 miraculi

404 2127 513 2157 non
563 2108 783 2171 quilibet
833 2107 1023 2155 dubius
1084 2107 1285 2168 relator,
1341 2106 1431 2154 sed
1481 2104 1822 2153 fidelissimus
1881 2103 2015 2152 mihi

406 2194 614 2240 nostrae
651 2191 893 2239 ecclesiae
917 2190 1201 2253 presbyter,
1235 2181 1573 2253 Cynimund3
1599 2188 1865 2249 uocabulo,
1904 2205 2014 2236 nar-

406 2275 556 2337 rauit,
593 2275 684 2338 qui
720 2291 774 2322 se
811 2274 910 2322 hoc
948 2273 1012 2321 ab
1050 2273 1164 2335 ipso
1203 2273 1335 2321 Utta
1371 2272 1689 2335 presbytero,
1728 2271 1785 2318 in
1823 2289 1923 2334 quo
1961 2274 2013 2320 et

405 2377 496 2423 per
521 2376 679 2422 quem
704 2357 1008 2420 conpletum
1035 2358 1125 2417 est,
1157 2356 1362 2404 audisse
1388 2355 1707 2419 perhibebat.

1035 2526 1189 2575 CAP.
1233 2526 1379 2575 XVI.

497 2661 541 2695 Ut
564 2660 664 2695 idem
684 2659 886 2694 admotum
907 2657 955 2692 ab
975 2657 1148 2691 hostibus
1168 2657 1257 2691 ¹urbi
1275 2656 1402 2700 regnae
1423 2656 1553 2700 'e'qnem
1572 2656 1717 2691 orando
1737 2657 1941 2693 ανηοιιθνίΐ.

477 2750 661 2797 Amm)
688 2749 924 2796 eiusdem
949 2746 1114 2808 patris
1138 2745 1476 2793 memorabile
1496 2745 1811 2794 miraculum
1837 2746 2015 2794 ferunt

410 2833 581 2890 multi,
609 2832 699 2894 qui
724 2848 877 2880 nosse
896 2832 1199 2893 potuerunt.
1266 2829 1402 2876 Nam
1428 2831 1663 2891 tempore
1689 2830 2015 2893 episcopatus

413 2919 535 2977 eius,
579 2915 785 2963 hostilis
822 2913 1133 2962 Merciorum
1178 2912 1433 2960 exercitus
1483 2912 1664 2960 Penda
1714 2914 1841 2961 duce
1894 2913 2017 2960 Nor-

413 3000 866 3064 danhymbrorum
915 2997 1153 3060 regiones
1201 2996 1364 3058 impia
1417 2996 1560 3045 clade
1608 2998 1762 3061 longe
1810 2998 2016 3060 lateque

415 3085 690 3133 deuastans
727 3081 968 3145 peruenit
1010 3081 1073 3129 ad
1112 3080 1298 3129 urbem
1337 3097 1501 3142 usque
1539 3081 1747 3143 regiam,
1787 3098 1916 3144 quae
1953 3097 2015 3129 ex

635 3203 647 3223 ¹
682 3205 805 3255 -pula
821 3204 877 3243 M.
1050 3200 1064 3222 ²
1094 3203 1185 3241 -tus
1208 3202 1258 3241 N.
1429 3201 1443 3223 3
1475 3215 1605 3253 cync-
1630 3204 1675 3242 C.
1698 3202 1765 3243 B2.
