2240 3444
44 621 85 655 ²7
102 620 137 647 a.

3 1952 36 1987 b.
60 1951 81 1997 ξ
105 1963 151 1997 17.

3 2113 11 2121 .
33 2097 74 2130 27
90 2086 128 2123 b.

750 182 971 231 (tuetore
1010 179 1057 231 A
1072 199 1320 250 nonynio.
1711 191 1815 240 395

239 319 295 362 ut
336 317 395 362 ab
437 317 741 375 inproborum
785 319 1057 377 inruptione
1111 324 1344 372 securiora
1395 327 1619 378 munh-rot,
1667 330 1815 373 missis

241 391 435 435 Romam
467 391 724 448 legatariis,
759 393 1008 449 epistolam
1042 394 1283 450 priuilegii
1312 412 1338 440 a
1368 399 1531 443 bsuitue
1564 404 1814 446 nwmoriau·

239 477 364 520 papa
411 463 572 521 Sergio
623 464 781 521 petiit,
836 469 884 509 et
935 467 1135 522 accepit.
1183 468 1332 512 instar
1380 470 1516 519 illius,
1571 489 1706 528 quani
1757 478 1814 519 al»

238 537 487 593 Agathone
531 538 746 582 decessor
779 538 880 583 eius
925 539 1212 584 Benedictus
1244 544 1536 598 accopumffl.
1620 547 1733 589 Num
1771 554 1818 592 ct

236 609 374 662 uasis,
420 610 424 665 Ι
465 625 585 666 quae
619 612 678 655 ad
711 611 971 656 aecclesiae
1005 613 1083 657 uel
1117 614 1280 657 altaris
1322 616 1521 658 officium
1567 620 1816 673 portinent,

237 682 557 740 copiosissime
592 684 792 737 ditauit;
829 687 878 729 et
910 685 1265 737 bibliothecam,
1297 703 1437 742 quam
1472 690 1527 732 dc
1566 691 1708 734 Roma
1742 694 1814 735 uel

235 756 353 814 ipse,
381 757 462 802 uel
496 758 782 803 Benedictus
820 760 1074 814 adtulerat,
1107 760 1333 805 nobiliter
1368 763 1631 818 ampliauit,
1667 765 1733 808 ita
1768 771 1818 810 ut

235 828 364 874 inter
391 830 488 875 alia-
516 835 611 877 tres
644 833 907 877 Pandectes
930 834 1111 878 faceret
1143 834 1360 888 describi,
1391 850 1586 890 quorum
1618 838 1708 880 duo
1738 854 1818 894 por

233 903 437 949 totidem
471 920 554 949 sua
583 905 873 951 monasteria
898 906 1058 963 posuit
1087 906 1137 950 in
1170 907 1424 958 aecclesiis,
1451 912 1501 952 ut
1525 910 1706 953 cunctis
1735 912 1812 966 qui

233 977 425 1035 aliquod
440 978 705 1035 capitulum
723 981 779 1025 de
798 980 1027 1025 utrolibet
1041 981 1346 1026 Testamento
1365 983 1520 1039 legere
1541 984 1816 1039 uoluissent,

234 1050 285 1094 in
311 1055 500 1108 promtu
531 1056 656 1097 esset
692 1052 910 1098 inuenire
942 1054 1066 1110 quod
1097 1055 1383 1111 cuperent2;
1427 1056 1624 1100 tertium
1658 1062 1813 1102 autem

234 1125 429 1170 Romam
491 1126 791 1182 profecturus
853 1127 1027 1171 donum
1090 1127 1232 1172 beato
1296 1128 1436 1172 Petro
1499 1131 1812 1186 apostolorum

232 1198 443 1257 principi
465 1198 631 1244 offerre
656 1199 869 1244 decreuit
883 1199 912 1244 ³.

292 1286 362 1317 21.
395 1272 609 1328 Namque
640 1272 723 1316 ubi
755 1273 897 1330 longo
925 1273 1020 1317 iam
1051 1272 1182 1318 senio
1216 1274 1427 1318 defessus
1457 1274 1579 1319 uidit
1610 1291 1656 1320 se
1691 1277 1815 1322 ultra

231 1361 327 1391 non
367 1361 502 1403 posse
549 1347 820 1403 exemplum
864 1346 1057 1404 pristini
1102 1347 1276 1404 uigoris
1326 1347 1420 1391 suis
1467 1354 1812 1404 premonstrare

231 1419 479 1476 discipulis
494 1419 523 1469 ⁴,
548 1419 736 1465 inuenit
768 1420 888 1465 utile
917 1420 1170 1464 consilium
1197 1423 1262 1473 ut,
1294 1421 1463 1465 relicto
1493 1421 1814 1468 iuuenioribus

229 1493 460 1552 regimine
508 1493 851 1550 monasteriali,
889 1493 989 1550 ipse
1032 1494 1349 1550 apostolorum
1394 1494 1560 1538 limina
1602 1498 1812 1553 peregri-

229 1569 425 1611 naturus
453 1566 634 1622 adiret3
671 1566 830 1622 ibique
858 1566 1059 1611 terrenis
1088 1566 1327 1610 absolutus
1360 1566 1481 1610 curis
1511 1567 1637 1612 inter
1663 1569 1813 1614 libera

229 1641 494 1687 orationum
529 1640 686 1684 studia
712 1640 840 1685 diem
870 1643 1107 1697 spectaret
1138 1640 1370 1692 ultimum,
1407 1640 1621 1684 imitatus
1657 1657 1811 1686 exem-

228 1715 361 1773 plum
380 1713 542 1759 fratris
559 1713 630 1757 sui
649 1714 906 1770 Cynefridi,
923 1714 1016 1771 qui,
1032 1713 1155 1758 sicut
1172 1728 1312 1770 supra
1329 1715 1810 1767 commemorauimus,

228 1788 384 1834 studio
416 1787 546 1832 uitae
581 1787 984 1844 contemplatiuae
1019 1787 1294 1832 monasterii
1327 1802 1485 1831 curam
1515 1788 1726 1845 reliquit,
1762 1795 1810 1834 et

228 1862 432 1921 patriam
455 1864 649 1918 propter
670 1861 925 1906 Dominum
948 1864 1208 1919 spontaneo
1231 1861 1438 1904 mutauit
1461 1861 1639 1906 exsilio.

290 1949 359 1981 22.
392 1935 585 1980 Parauit
599 1935 747 1993 igitur
760 1950 945 1989 nauem,
961 1934 1199 1979 recensuit
1215 1934 1468 1992 legatarios
1487 1950 1601 1990 quos
1617 1936 1809 1980 Romam

230 2009 510 2065 destinaret,
553 2009 794 2054 ordinauit
827 2013 876 2054 et
917 2023 1115 2053 munera
1147 2022 1266 2064 quae
1300 2008 1441 2052 beato
1480 2008 1618 2052 Petro
1657 2014 1812 2054 essent

228 2084 493 2134 referenda,
518 2082 806 2127 sufficienter
828 2097 898 2135 ea,
922 2097 1041 2138 quae
1069 2085 1206 2126 tanto
1236 2083 1240 2137 Ι
1268 2081 1433 2125 itineri
1465 2084 1621 2126 essent
1649 2097 1812 2127 neces-

228 2156 363 2210 saria,
409 2155 696 2213 procurauit.
760 2156 849 2200 Sed
892 2156 1016 2212 quod
1062 2155 1162 2211 ipse
1218 2170 1323 2198 cum
1370 2153 1443 2197 his
1491 2157 1613 2199 esset
1659 2155 1811 2199 iturus

227 2230 442 2276 consulte
462 2230 521 2273 ad
538 2232 727 2286 tempus
743 2228 930 2281 celauit,
950 2243 1023 2281 ne,
1047 2227 1284 2280 uidelicet,
1306 2227 1342 2271 si
1361 2227 1519 2284 palam
1536 2228 1811 2284 uulgaretur

226 2304 350 2361 quod
397 2305 715 2360 proposuerat,
769 2303 846 2347 uel
895 2301 1228 2359 prohiberetur
1279 2303 1328 2346 et
1376 2301 1698 2345 retardaretur
1751 2302 1810 2345 ab

226 2377 405 2427 amicis,
429 2378 509 2422 uel
531 2379 660 2421 certe
683 2391 711 2420 a
731 2376 945 2433 pluribus
972 2376 1017 2420 ei
1049 2375 1253 2432 pecunia
1278 2374 1539 2431 largiretur,
1568 2389 1682 2430 quos
1711 2375 1809 2431 ipse

226 2451 563 2497 remunerandi
585 2466 671 2496 nec
695 2451 899 2507 spatium
926 2449 1046 2494 nec⁵
1072 2449 1354 2494 facultatem
1382 2448 1592 2491 haberet.
1676 2448 1808 2491 Hanc

227 2525 409 2570 etenim
432 2539 622 2581 semper
641 2524 850 2569 habebat
873 2522 1266 2568 consuetudinem
1289 2521 1438 2564 animi
1461 2520 1667 2576 dapsilis,
1693 2524 1743 2563 ut
1773 2520 1807 2563 si

227 2598 373 2656 quid⁶
412 2598 456 2643 ei
488 2597 698 2642 muneris
730 2598 789 2642 ab
833 2595 1021 2653 aliqua⁷
1055 2596 1147 2640 sive
1187 2595 1416 2638 maiorum
1459 2609 1539 2638 seu
1573 2593 1807 2636 minorum

227 2686 535 2730 personarum
559 2672 762 2724 daretur,
786 2684 1084 2727 nequaquam
1106 2669 1510 2713 inremuneratum
1529 2667 1807 2718 dimitteret,

226 2747 308 2791 sed
326 2744 547 2802 ampliori
569 2745 729 2801 sepius
750 2744 1024 2802 largitorem
1047 2758 1180 2786 suum
1202 2741 1357 2798 gratia
1378 2741 1589 2783 donaret.

282 2845 296 2866 ¹
326 2850 370 2886 et
383 2849 433 2885 ut
453 2847 508 2885 ab
523 2878 531 2886 .
549 2877 558 2886 .
578 2879 586 2887 .
604 2850 833 2897 acceperat
850 2860 923 2885 om.
939 2848 981 2894 δ;
1013 2849 1164 2884 because
1184 2846 1327 2890 ilzesact
1343 2846 1375 2880 is
1389 2846 1507 2880 stated
1523 2845 1563 2879 in
1576 2845 1632 2879 the
1642 2853 1807 2887 pas-sassa

227 2916 471 2960 intemolatecl
474 2915 583 2960 from
601 2916 701 2952 Bede
723 2916 830 2951 below
845 2927 861 2960 ;
889 2917 970 2950 nole
989 2924 1027 2961 3.
1094 2909 1111 2934 ²
1140 2913 1239 2948 Here
1258 2910 1278 2946 δ
1298 2911 1533 2955 interpolates
1555 2911 1564 2926 ‘
1579 2906 1682 2943 dato
1703 2917 1805 2954 quo·

227 2990 313 3028 que
335 2978 774 3028 cosmographiorum
795 3007 805 3016 .
829 3008 838 3017 .
862 3007 870 3015 .
893 3009 902 3016 .
925 2973 1122 3024 emerat,'
1134 2977 1243 3022 from
1264 2977 1361 3012 Bede
1381 2985 1420 3011 u.
1441 2985 1471 3009 s.
1665 2970 1679 2990 ³
1708 2972 1807 3008 Here

229 3045 251 3081 δ
271 3046 567 3090 substitutesfor
584 3056 613 3081 c.
635 3055 682 3080 21
703 3047 761 3081 the
769 3045 968 3090 following]
975 3043 1085 3088 from
1105 3043 1202 3078 Bede
1223 3052 1264 3078 u.
1286 3052 1316 3077 S.
1341 3051 1388 3076 cc.
1419 3048 1479 3085 15,
1505 3036 1553 3073 16
1571 3050 1579 3073 :
1618 3037 1804 3073 ‘terram

225 3111 343 3147 etiam
363 3109 458 3146 octo
481 3139 491 3147 .
514 3138 524 3147 .
547 3138 555 3147 .
577 3109 760 3158 accepit.
807 3111 952 3146 Dei-nde
972 3107 1120 3144 missis
1143 3135 1151 3144 .
1175 3136 1183 3144 .
1208 3135 1216 3143 .
1240 3116 1328 3141 non
1351 3103 1470 3140 latet.
1518 3099 1806 3150 Temporibus

224 3178 354 3212 autem
372 3175 452 3211 illis
470 3173 655 3212 tradens
678 3203 688 3211 .
708 3203 717 3211 .
742 3203 750 3211 .
773 3171 1032 3211 seruarent.'
1211 3169 1223 3189 ¹
1255 3168 1305 3205 —li
1327 3167 1386 3206 H.
1572 3165 1586 3185 ⁵
1617 3177 1671 3202 ne
1694 3163 1749 3202 ΙΙ.
1771 3164 1803 3200 δ.

223 3236 239 3259 ⁶
268 3239 367 3288 quit
388 3238 447 3278 H.
561 3236 575 3258 ⁷
606 3238 756 3287 aliquo
776 3238 811 3277 δ.

1845 1287 1905 1320 Η6
1924 1288 2051 1321 ‹leter-

1844 1336 1975 1371 mines
1994 1340 2037 1371 to

1845 1386 1992 1429 rcsign.
2014 1388 2094 1420 :uid

1844 1446 1893 1478 go
1911 1447 1961 1468 on
1982 1436 2054 1479 pil-

1842 1485 2023 1529 grimage
2043 1491 2085 1517 t«.

1843 1535 1980 1569 Rome.
