2240 3444
371 102 477 152 3052
831 97 897 150 H
899 96 1098 151 istoria
1137 94 1524 148 Ecclesiae-tica
1796 102 1904 154 [Lm.
1929 104 1980 142 V.

372 247 471 294 alia
506 247 760 310 perplura,
794 263 924 309 quae
955 245 1091 293 tanti
1123 242 1129 309 Ι
1162 243 1331 306 operis
1368 241 1641 304 negotium
1679 239 1973 303 quaerebat,
2007 245 2035 281 f.
2062 257 2124 290 107
2142 257 2180 281 a.

373 331 458 378 uel
488 331 563 378 ibi
596 331 791 379 discere
825 330 910 378 uel
943 329 1065 377 inde
1099 328 1325 390 accipere
1363 325 1617 387 cupiebat,
1697 324 1765 371 In
1793 323 1981 386 quibus

376 414 622 463 omnibus
649 431 769 462 cum
796 413 875 462 susi
902 412 1015 461 uoti
1040 427 1253 473 compos
1278 411 1414 458 esset
1439 409 1668 470 effectus,
1700 408 1764 456 ad
1789 407 1983 470 praedi-

375 499 601 547 candum
627 498 795 548 rediit.

83 596 290 632 §widbert
445 582 558 643 Quo
610 585 854 644 tempore-
894 581 1094 640 fratres,
1151 577 1241 640 qui
1296 579 1443 625 erant
1496 575 1553 623 in
1604 574 1780 624 Fresia
1834 574 1983 622 uerbi

80 657 269 732 {gg-atad
374 665 666 713 ministerio
700 664 998 727 mancipati,
1030 663 1300 724 elegerunt
1333 677 1396 707 ex
1431 677 1525 708 suo
1560 676 1778 707 numero
1805 658 1982 706 uirum

81 747 228 833 2351ng
247 749 311 781 for
375 750 675 798 modestum
720 748 968 804 moribus,
1015 748 1067 794 et
1116 746 1456 793 mansuetum
1501 743 1668 804 corde,
1717 742 1985 791 S'uidberc-

100 830 104 831 ⁷
220 826 227 832 ’
374 832 537 894 tum¹,
584 832 674 894 qui
713 832 786 880 eis
824 831 1154 879 ordinaretur
1191 828 1422 889 antistes,
1467 844 1624 890 quem
1668 825 1983 874 Brittaniam

375 916 697 964 destinatum
731 916 793 964 ad
828 913 1140 977 petitionem
1175 929 1358 959 eorum
1393 911 1656 960 ordinauit
1682 910 1986 958 reuerentis-

376 1001 542 1047 simus
579 998 775 1047 Uilfrid
815 998 1099 1060 episcopus,
1142 995 1231 1058 qui
1269 997 1386 1042 tum
1425 995 1562 1042 forte
1598 994 1766 1057 patria
1802 993 1986 1056 pulsus

375 1084 430 1130 in
480 1082 792 1131 Merciorum
850 1080 1151 1144 regionibus
1205 1079 1457 1127 exulabat.
1543 1078 1663 1126 Non
1724 1077 1868 1125 enim
1929 1094 1988 1124 eo

375 1168 609 1228 tempore
647 1165 869 1213 habebat
907 1164 1210 1226 episcopum
1247 1163 1447 1225 Canffia,
1485 1162 1730 1210 defuncto
1769 1161 1984 1224 quidem

374 1250 659 1310 Theodoro,
709 1249 798 1297 sed
848 1248 1077 1296 necdum
1121 1245 1465 1296 Berctualdo2
1516 1263 1808 1294 successore
1852 1245 1977 1305 eius,

374 1334 464 1396 qui
491 1336 637 1381 trans
663 1349 807 1380 mare
831 1331 1155 1380 ordinandus
1180 1330 1325 1392 ierat,
1356 1331 1421 1379 ad
1448 1331 1626 1378 sedem
1653 1330 1984 1393 episcopatus

375 1416 456 1464 sui
482 1433 706 1464 reuerso³>

445 1499 549 1561 Qui
572 1499 820 1547 uidelicet
848 1498 1121 1548 S'uidberct'
1137 1498 1152 1521 ³
1177 1500 1386 1561 accepto
1413 1498 1728 1560 episcopam,
1761 1497 1825 1545 de
1851 1496 1986 1544 Brit-

375 1584 521 1631 tania
554 1600 831 1646 regressus,
863 1600 972 1631 non
998 1583 1170 1630 multo
1200 1583 1319 1645 post
1354 1582 1420 1630 ad
1456 1583 1669 1645 gentem
1704 1581 1986 1629 Boructua-

378 1684 555 1714 rorum
583 1666 806 1728 secessit,
843 1683 899 1714 ac
932 1666 1131 1714 multos
1165 1682 1346 1714 eorum
1378 1665 1724 1728 praedicando
1753 1664 1817 1713 ad
1845 1664 1985 1712 uiam

376 1750 613 1798 ueritatis
662 1749 917 1812 perduxit.
999 1750 1101 1798 Sed
1139 1748 1487 1812 expugnatis4
1524 1766 1632 1796 non
1669 1748 1825 1811 longo
1868 1750 1983 1811 post

374 1836 609 1895 tempore
649 1833 987 1881 Boructuaris
1025 1850 1054 1881 a
1093 1835 1250 1896 gente
1293 1832 1654 1895 Antiquorum
1698 1833 1978 1892 Saxonum,

375 1916 595 1979 dispersi
638 1918 762 1964 sunt
812 1917 1044 1979 quolibet
1093 1917 1164 1977 hi,
1214 1917 1304 1979 qui
1347 1916 1569 1964 uerbum
1617 1915 1986 1978 receperant⁵;

378 2000 487 2063 ipse
535 1999 754 2048 antistes
803 2017 922 2047 cum
971 1999 1288 2063 quibusdam
1338 2000 1628 2062 Pippinum
1679 1999 1841 2062 petiit,
1897 2000 1986 2062 qui

378 2083 750 2145 interpellante
770 2083 1146 2146 Bliththrydae
1163 2085 1176 2105 ‘³
1197 2083 1416 2146 coniuge
1443 2101 1549 2146 sua7
1575 2084 1719 2132 dedit
1739 2084 1787 2131 ei
1811 2084 1985 2132 locum

379 2166 669 2214 mansionis
688 2166 743 2213 in
764 2166 940 2214 insula
961 2167 1186 2228 quadam
1207 2166 1379 2214 Hreni
1397 2168 1426 2227 ⁷,
1454 2184 1585 2230 quae
1604 2167 1786 2230 lingua
1805 2185 1986 2216 eorum

380 2252 596 2298 uocatur
620 2249 687 2296 In
715 2249 900 2309 lit0re3
937 2250 993 2297 in
1026 2267 1127 2312 qua
1160 2250 1286 2312 ipse⁷
1319 2252 1616 2298 constructo
1648 2251 1980 2311 monasterio,

379 2333 517 2395 quod
574 2334 830 2381 hactenus
886 2334 1103 2382 heredes
1157 2333 1426 2395 possident
1491 2334 1613 2395 eiu8‚
1680 2334 1986 2397 aliquandiu

378 2403 893 2465 continentissimam
946 2417 1107 2480 gessit
1158 2417 1338 2477 uitam,
1382 2416 1559 2480 ibique
1610 2417 1751 2466 diem
1801 2418 1987 2467 clausit

379 2500 646 2548 ultimum.

88 2592 304 2628 Wilbrord
450 2585 741 2647 Postquam
790 2601 917 2632 uero
965 2601 1064 2647 perv
1107 2602 1274 2633 annos
1322 2585 1521 2648 aliquot
1562 2585 1619 2633 i'n
1664 2585 1851 2647 Fresia,
1895 2585 1986 2648 qui

87 2654 271 2728 §gg-‘afflj
293 2697 333 2727 at
379 2669 715 2729 aduenerant,
749 2669 1052 2729 docuerunt,
1095 2668 1241 2717 misit
1271 2669 1468 2731 Pippin
1498 2670 1717 2718 fauente>
1744 2669 1986 2718 omnium

90 2745 229 2778 Rome.
380 2769 637 2800 consensu
694 2752 872 2799 uirum
926 2752 1281 2800 uenerabilem
1338 2753 1686 2801 Uilbrordum
1743 2755 1979 2813 Romam,

381 2835 527 2883 cuius
563 2836 732 2884 adhuc
768 2836 1135 2899 pontificatum
1174 2836 1385 2899 Sergius
1422 2836 1659 2897 habebat,
1691 2837 1979 2899 postulans,

381 2922 437 2967 ut
471 2919 639 2967 eidem
678 2920 968 2968 Fre-sonum
1006 2919 1152 2982 genti
1189 2920 1604 2983 archiepiscopus
1635 2921 1979 2970 ordinaretur.

438 3056 449 3077 ¹
481 3059 736 3097 -berchtum
759 3058 816 3106 C;
847 3060 1063 3098 ·birctum
1086 3059 1138 3099 N.
1288 3056 1303 3078 ²
1330 3060 1507 3098 bereht-
1526 3061 1573 3101 C.
1734 3058 1748 3080 ³
1779 3062 1895 3100 -berc
1918 3061 1957 3098 N
1979 3075 1988 3107 3

382 3126 608 3164 suitbcrht
630 3127 677 3166 C.
801 3127 814 3148 ⁴
844 3128 1019 3166 mantis
1041 3127 1099 3166 M.
1197 3126 1211 3148 ⁵
1239 3125 1441 3178 *re'coep—
1460 3127 1518 3167 M.
1615 3129 1630 3152 ⁶
1658 3128 1731 3167 —de
1754 3128 1818 3178 B;
1849 3129 1917 3167 -ὂθ
1939 3129 1989 3168 C.

382 3191 395 3212 ⁷
427 3194 558 3231 rheni
582 3193 630 3234 C.
