2240 3444
65 837 140 872 His

64 886 299 923 wonderful

64 938 89 971 h
96 938 276 982 umility.

358 106 461 156 156
806 104 871 156 H
874 105 1073 159 istoria
1110 104 1503 159 Ecclesictstica
1750 115 1857 167 [Lm.
1885 118 1959 158 111.

355 251 532 313 animi,
576 253 626 299 et
664 251 860 314 uultus,
906 254 958 301 et
997 255 1308 301 meritorum
1349 253 1663 316 dignitatem
1697 252 1761 301 ab
1800 253 1963 301 omni-

355 335 455 383 bus
503 335 819 398 diligeretur,
862 338 913 384 et
962 337 1194 399 undique
1243 338 1306 385 ad
1355 337 1466 384 eius
1503 336 1860 384 ministerium
1899 337 1963 385 de

358 419 561 467 cunctis
586 436 748 482 prope
774 419 1061 482 prouinciis
1086 419 1190 467 uiri
1216 420 1374 468 etiam
1408 419 1730 468 nobilissimi
1756 437 1965 468 concur-

354 505 541 552 rerent.
619 503 781 551 Cuius
805 503 942 551 inter
967 505 1162 552 ceteras
1187 502 1432 552 uirtutis1
1472 506 1522 551 et
1558 504 1859 565 modestIae,
1892 505 1957 564 et,

355 589 415 634 ut
463 586 537 634 ita
585 586 767 647 dicam,
823 586 1060 649 specialis
1115 586 1496 635 benedictionis
1551 586 1744 650 glorias
1803 586 1964 635 etiam

354 669 584 717 maxima
608 670 770 718 fuisse
795 670 962 718 fertur
985 671 1272 732 humilitas,
1304 673 1363 719 ut
1388 688 1494 719 uno
1519 670 1736 733 probare
1763 672 1841 718 sat
1868 669 1966 718 erit

357 753 609 816 exemplo.

424 837 726 885 Donauerat
775 854 970 899 equum
1020 838 1282 901 optimum
1330 838 1558 886 antistiti
1605 837 1813 886 Aidano
1829 838 1860 899 2,
1907 837 1965 885 in

355 937 456 983 quo
482 920 585 981 ille,
612 921 855 983 quamuis
880 921 1149 969 ambulare
1175 922 1374 983 solitus,
1401 923 1487 970 uel
1507 922 1747 970 amnium
1766 922 1967 969 fluenta

354 1004 588 1064 transire,
643 1005 730 1052 uel
779 1004 824 1052 si
872 1004 974 1052 alia
1024 1005 1287 1068 quaelibet
1341 1006 1623 1053 necessitas
1676 1005 1962 1066 insisteret,

355 1088 496 1135 uiam
521 1104 766 1150 peragere
784 1088 798 1112 ³
824 1090 1012 1151 posset.
1080 1088 1177 1137 Cui
1204 1105 1324 1136 cum
1353 1106 1516 1152 paruo
1541 1089 1815 1137 interiecto
1840 1090 1968 1136 tem-

354 1189 477 1234 pore
510 1169 514 1235 ἰ
548 1188 744 1234 pauper
783 1172 998 1234 quidam
1042 1175 1334 1221 occurreret
1377 1173 1725 1235 elimosynam
1763 1174 1961 1234 petens,

357 1255 606 1303 desiliens
632 1255 720 1303 ille
745 1255 1005 1318 praecepit
1035 1272 1243 1317 equum,
1275 1255 1350 1304 ita
1375 1258 1435 1304 ut
1469 1259 1578 1304 erat
1604 1258 1803 1304 stratus
1833 1272 1970 1319 rega-

357 1338 489 1399 liter,
528 1339 743 1401 pauperi
779 1339 923 1400 dari3
972 1341 1080 1387 erat
1118 1339 1263 1387 enim
1303 1339 1536 1388 multum
1567 1339 1875 1401 misericors,
1917 1341 1969 1387 et

359 1422 528 1470 cultor
545 1439 848 1485 pauperum,
879 1439 936 1470 ac
962 1423 1111 1471 uelut
1135 1425 1282 1485 pater
1307 1424 1635 1471 miserorum.
1703 1423 1820 1470 Hoc
1847 1439 1969 1470 cum

358 1505 467 1568 regi
486 1507 622 1554 esset
641 1505 881 1567 relatum,
897 1505 1101 1554 dicebat
1121 1506 1375 1568 episcopo,
1391 1523 1510 1554 cum
1531 1507 1665 1554 forte
1683 1505 1971 1569 ingressuri

358 1591 532 1637 essent
557 1590 620 1637 ad
647 1589 930 1651 prandium
953 1608 964 1638 :
1014 1589 1179 1650 ‘Quid
1205 1589 1436 1651 uoluisti,
1478 1589 1694 1637 domine
1729 1589 1963 1650 antistes,

358 1690 554 1735 equum
581 1672 797 1735 regium,
830 1689 987 1735 quem
1012 1675 1065 1720 te
1090 1673 1433 1721 conueniebat
1457 1673 1728 1736 proprium
1757 1672 1962 1735 habere,

357 1757 573 1819 pauperi
598 1757 718 1805 dare
736 1758 760 1805 ‘?
814 1756 1089 1819 Numquid
1117 1774 1225 1805 non
1250 1757 1534 1805 habuimus
1565 1773 1724 1819 equos
1754 1756 1967 1806 uiliores

356 1840 626 1903 plurimos,
669 1841 755 1888 uel
792 1840 920 1888 alias
962 1840 1169 1902 species,
1220 1857 1351 1903 quae
1389 1841 1450 1889 ad
1495 1857 1784 1903 pauperum
1833 1841 1969 1889 dona

358 1924 670 1983 sufficerent,
705 1924 946 1986 quamuis
971 1924 1125 1971 illum
1152 1924 1226 1971 eis
1252 1941 1448 1986 equum
1481 1941 1591 1972 non
1617 1924 1778 1985 dares,
1811 1940 1969 1987 quem

358 2007 457 2055 tibi
493 2007 786 2070 specialiter
821 2008 1201 2070 possidendum
1239 2007 1445 2071 elegi‘?'
1517 2007 1613 2056 Cui
1651 2008 1830 2056 statim
1867 2007 1968 2070 epi-

360 2108 579 2153 scopus:
647 2091 812 2152 ‘Quid
861 2091 1124 2153 loqueris,’
1170 2091 1358 2154 inquit,
1420 2092 1578 2140 ‘rex‘?
1662 2091 1969 2154 Numquid4

360 2173 458 2222 tibi
485 2173 650 2221 carior
679 2176 758 2222 est
789 2174 878 2222 ille
909 2174 1052 2222 filius
1086 2192 1259 2237 equae,
1300 2192 1458 2238 quam
1491 2175 1581 2223 ille
1614 2176 1758 2223 filius
1795 2175 1894 2223 Dei
1914 2177 1939 2224 ‘?
1958 2175 1969 2194 ⁹

362 2258 564 2318 Quibus
589 2257 744 2306 dictis
768 2258 1038 2306 intrabant
1063 2259 1127 2306 ad
1152 2259 1535 2321 prandendum.
1604 2259 1673 2307 Et
1699 2259 1971 2321 episcopus

361 2341 575 2404 quidem
624 2342 882 2390 residebat
931 2342 988 2390 in
1038 2359 1132 2390 suo
1174 2342 1300 2391 loco.
1393 2342 1558 2391 Porro
1601 2360 1705 2404 rex,
1754 2345 1971 2391 uenerat

361 2424 506 2472 enim
543 2425 606 2472 de
643 2427 854 2486 uenatu,
895 2425 1065 2488 coepit
1102 2425 1394 2474 consistens
1431 2427 1495 2475 ad
1533 2426 1709 2474 focum
1747 2426 1971 2474 calefieri

362 2525 484 2556 cum
517 2508 809 2570 ministris3
859 2512 911 2557 et
944 2511 1157 2572 repente
1191 2510 1330 2558 inter
1368 2509 1774 2558 calefaciendum
1809 2527 1971 2558 recor-

362 2592 492 2640 dans
535 2592 770 2653 uerbum,
815 2592 951 2655 quod
996 2593 1198 2641 dixerat
1233 2593 1315 2640 illi
1356 2593 1591 2655 antistes,
1634 2593 1878 2642 discinxit
1916 2610 1970 2642 se

361 2675 534 2738 gladio
560 2693 667 2738 suo,
691 2678 743 2724 et
764 2676 908 2724 dedit
927 2676 1081 2724 illum
1098 2676 1357 2738 ministro,
1378 2676 1708 2740 festinusque
1723 2678 1972 2725 accedens

363 2762 485 2808 ante
510 2760 668 2822 pedes
693 2760 920 2822 episcopi
953 2760 1169 2822 conruit,
1200 2759 1487 2822 postulans,
1517 2762 1577 2808 ut
1609 2760 1711 2808 sibi
1739 2760 1970 2823 placatus

364 2846 513 2905 esset,
542 2847 552 2867 ‘
571 2844 690 2906 quia
714 2845 1043 2906 numquam,'
1063 2844 1250 2907 inquit,
1279 2844 1540 2906 ‘deinceps
1563 2844 1761 2907 aliquid
1787 2844 1969 2907 loquar

365 2927 428 2975 de
471 2927 568 2975 hoc
607 2930 697 2976 aut
737 2927 989 2988 iudicabo,
1039 2927 1165 2990 quid
1207 2927 1294 2975 uel
1345 2929 1602 2990 quantum
1646 2929 1709 2976 de
1747 2927 1969 2990 pecunia

363 3011 541 3058 nostra
588 3010 713 3059 filiis
762 3010 860 3060 Dei
907 3010 1139 3060 tribuas.’
1236 3010 1385 3071 Quod
1434 3011 1623 3059 uidens
1676 3010 1961 3074 episcopus,

419 3134 431 3156 ¹
463 3137 548 3174 -tes
569 3135 614 3176 C.
786 3136 802 3159 2
831 3137 994 3176 aidono
1013 3137 1068 3176 N.
1218 3134 1233 3156 ³
1262 3148 1498 3187 peragrare
1519 3137 1577 3177 Μ.
1730 3135 1744 3158 4
1775 3149 1887 3175 num
1908 3135 1968 3186 C;

362 3213 469 3239 nam
490 3202 545 3242 N.

1998 1184 2025 1220 f.
2049 1195 2094 1230 54
2112 1185 2148 1220 b.

2000 2434 2050 2470 cf.
2075 2434 2162 2470 Ioh.

1999 2485 2111 2521 xviii.
2138 2487 2187 2520 18.
