2240 3444
31 1284 133 1319 Phil.
155 1285 210 1320 iii.

35 1344 79 1377 15-

278 156 378 194 CAP.
394 150 465 202 V.]
782 144 973 197 Gentis·
1016 146 1058 196 A
1076 145 1351 213 stylorum.
1761 149 1860 198 135

277 288 589 347 perfectione
609 288 840 348 eximius,
863 290 1073 336 correcti
1094 293 1217 337 sunt
1238 306 1328 350 per
1348 306 1481 349 eum,
1514 293 1565 337 ct
1590 292 1651 338 ad
1679 309 1859 339 uerum

277 367 684 429 canonicumque
721 369 937 429 paschae
975 368 1143 415 diem¹
1191 368 1459 427 translati;
1497 385 1649 429 quein
1690 373 1862 417 tamon

277 450 326 494 et
357 451 507 497 antea
539 466 646 497 non
676 467 879 512 semper
917 450 971 497 in
1006 451 1127 497 luna
1164 450 1360 497 XIIII·
1395 467 1514 496 011111
1546 450 1766 511 Iudaeis,
1807 455 1863 498 ut

278 530 488 591 quidam
526 532 772 579 rebantur
786 532 817 592 2,
861 533 948 579 sed
988 532 1044 579 in
1084 532 1166 580 die
1197 532 1410 594 quidem
1449 532 1721 592 dominica,
1765 534 1864 581 alia

276 614 464 673 tamen,
487 631 642 675 quam
663 614 885 675 decebat,
912 615 1196 661 ebdomada
1215 614 1555 662 celebrabant.
1623 615 1863 664 Sciebant

275 695 429 755 enim,
469 699 527 743 ut
565 696 859 757 Christiani,
903 697 1328 744 resurrectionem
1363 696 1690 757 dominicam,
1735 714 1864 759 quae

274 777 442 838 prima
486 778 683 826 sabbati
732 779 865 826 facta
913 781 1003 839 est,
1053 779 1218 840 prima
1265 778 1464 826 sabbati
1508 795 1711 840 semper
1753 796 1862 827 esse

275 861 666 921 celebrandam3
704 862 793 909 sed
826 863 884 909 ut
913 861 1113 909 barbari
1143 863 1193 909 et
1228 860 1419 920 rustici,
1452 862 1657 922 quando
1684 863 1861 909 eadem

272 943 439 1005 prima
465 943 673 1001 sabbati,
700 960 828 1005 quae
844 944 859 969 3
880 960 1019 991 1111110
1041 944 1298 991 dominica
1320 944 1428 991 dies
1449 944 1856 1004 cognominatur,

273 1025 488 1085 ueniret,
518 1026 738 1073 minime
772 1026 1068 1074 didicerant.
1147 1026 1348 1073 Uerum
1387 1025 1507 1087 quia
1542 1026 1708 1087 gratia
1740 1027 1860 1073 cari-

271 1108 394 1154 tatis
451 1108 652 1155 feruere
711 1125 817 1155 non
872 1108 1172 1169 omiserunt,
1226 1110 1276 1155 et
1330 1107 1486 1155 huius
1538 1125 1739 1170 quoque
1788 1109 1861 1156 rei

271 1186 512 1234 notitiam
561 1187 623 1234 ad
665 1187 953 1248 perfectum
1003 1187 1262 1248 percipere
1311 1189 1621 1234 meruerunt
1640 1188 1669 1248 4,
1717 1187 1861 1235 iuxta

270 1269 584 1330 promissum
604 1269 620 1293 ⁵
645 1270 862 1331 apostoli
882 1270 1100 1317 dicentis
1125 1288 1134 1318 :
1179 1270 1276 1317 ‘Et
1302 1269 1472 1331 siquid
1493 1270 1643 1317 aliter
1663 1270 1855 1332 sapitis,

270 1353 321 1399 et
344 1352 440 1399 hoc
466 1369 669 1414 quoque
694 1352 842 1400 uobis
867 1352 1009 1400 Deus
1040 1352 1356 1400 1·euelabit⁰.'
1427 1352 1505 1400 De
1532 1369 1632 1415 quo
1657 1353 1862 1414 plenius

269 1435 323 1482 in
350 1435 685 1497 sequentibus
712 1452 804 1483 suo
829 1435 940 1483 loco
967 1435 1245 1483 dicendum
1271 1437 1360 1483 est.

802 1764 856 1799 De
876 1764 959 1799 uita
979 1765 1134 1800 Az'dcmi
1152 1763 1325 1808 episcop-i.

338 1874 422 1921 AB
447 1874 542 1922 hac
567 1891 684 1937 ergo
710 1874 892 1935 insula,
923 1874 986 1922 ab
1012 1875 1199 1922 horum
1225 1873 1439 1936 collegio
1465 1873 1852 1934 monachorum,

268 1957 331 2004 ad
380 1957 703 2018 prouinciam
744 1957 1039 2019 Anglorum
1080 1957 1456 2004 instituendam
1498 1955 1590 2003 1117
1631 1956 1853 2016 Christo,

270 2040 463 2087 missus
499 2041 577 2087 est
618 2040 802 2087 Aedan
823 2040 849 2100 8,
893 2042 1099 2101 accepto
1136 2040 1296 2101 gradu
1334 2039 1668 2100 episcopatus.
1747 2039 1858 2099 Quo

270 2124 502 2184 tempore
521 2123 688 2169 eidem
708 2122 1022 2170 monasterio
1049 2122 1236 2184 Segeni
1253 2121 1268 2145 ‘³
1287 2121 1443 2169 abbas
1469 2125 1519 2169 et
1538 2122 1808 2184 presbyter
1823 2120 1860 2182 1²}

268 2205 503 2266 praefuit.
581 2205 735 2252 Unde
759 2205 896 2252 inter
919 2205 1019 2252 alia
1048 2204 1266 2252 uiuendi
1294 2205 1605 2252 documenta
1630 2204 1856 2251 saluber-

266 2287 461 2335 rimum
486 2278 828 2335 abstinentiae
853 2288 938 2335 uel
963 2287 1311 2335 continentiae
1337 2286 1531 2333 clericis
1555 2286 1855 2348 exemplum

267 2370 507 2432 reliquit3
567 2370 711 2418 cuius
759 2370 1047 2418 doctrinam
1094 2370 1148 2417 id
1196 2369 1425 2416 maxime
1461 2369 1855 2417 commendabat

267 2452 523 2513 omnibus,
570 2454 706 2515 quod
754 2470 861 2501 non
908 2453 1072 2513 aliter,
1105 2469 1260 2514 quam
1302 2451 1511 2499 uiuebat
1560 2468 1678 2498 cum
1728 2451 1848 2512 suis,

267 2535 377 2597 ipse
425 2537 650 2584 docebat.
728 2536 816 2583 Nil
855 2536 995 2583 enim
1039 2535 1195 2583 huius
1237 2535 1423 2582 mundi
1472 2549 1727 2596 quaerere,
1776 2533 1855 2580 nil

267 2634 437 2666 amare
463 2619 684 2667 curabat.
765 2619 976 2681 Cuncta,
1009 2635 1138 2680 quae
1162 2617 1262 2666 sibi
1287 2635 1316 2665 a
1340 2616 1547 2679 regibus
1574 2617 1659 2663 uel
1686 2615 1855 2663 diuiti-

267 2700 364 2747 bus
401 2701 589 2749 saeculi
619 2702 959 2761 donabantur,
990 2718 1111 2749 mox
1152 2699 1475 2762 pauperibus,
1507 2698 1596 2760 qui
1634 2714 1855 2745 occurre·

267 2784 395 2842 rent,
455 2799 663 2845 erogare
722 2784 989 2846 gaudebat.
1066 2782 1364 2831 Discurrere
1422 2798 1515 2842 per
1566 2782 1748 2827 cuncta
1802 2782 1854 2827 et

267 2864 461 2912 urbana
485 2867 536 2912 et
560 2865 750 2913 rustica
774 2867 896 2927 loca,
927 2882 1033 2913 non
1064 2881 1318 2927 equorum
1348 2865 1511 2922 dorso,
1543 2862 1631 2909 sed
1660 2862 1851 2923 pedum

321 3001 332 3023 ¹
363 3002 482 3040 diem
504 3017 575 3042 om.
598 3004 654 3042 M.
941 3002 955 3024 ²
984 3004 1281 3054 reprobantur
1301 3002 1352 3039 N.
1548 2999 1562 3020 ³
1594 3012 1643 3037 ea
1664 3011 1776 3048 quae
1795 2999 1854 3038 M.

264 3068 279 3090 4
309 3071 355 3107 et
377 3099 385 3106 .
410 3098 418 3105 .
442 3099 450 3106 .
472 3071 733 3108 meruerunt
753 3083 825 3108 om.
848 3069 909 3109 (3¹.
1079 3070 1093 3091 ⁵
1123 3069 1369 3120 promissum
1392 3066 1448 3104 M.
1590 3063 1604 3085 ‘³
1634 3065 1853 3104 reuelauit

265 3134 326 3172 0¹.
348 3133 396 3170 Β.
420 3133 487 3171 N2.
609 3133 624 3155 ⁷
652 3147 732 3185 pro
752 3135 803 3173 N.
917 3133 931 3155 ⁸
961 3134 1095 3172 aidan
1117 3135 1165 3172 B.
1189 3134 1240 3172 N.
1351 3131 1366 3153 ⁹
1396 3134 1517 3178 miylct
1537 3134 1574 3169 be
1593 3134 1685 3169 read
1707 3142 1849 3180 segem

267 3200 316 3237 in
338 3199 407 3247 M;
436 3211 592 3249 segene
613 3200 666 3240 N.
820 3199 851 3221 ¹⁰
881 3201 1006 3250 preb·
1026 3199 1086 3238 Οἱ.

1890 1883 2115 1919 Char-aeter

1889 1933 1935 1969 of
1947 1933 2093 1968 Aidan.
