2240 3444
23 962 76 998 iii.
96 973 130 1005 4.

23 1221 46 1256 i.
64 1232 119 1264 23.

23 1463 47 1498 i.
65 1474 114 1507 ²5·

23 1715 46 1750 i.
64 1727 117 1761 ²9·

19 1962 48 1998 i.
66 1974 121 2007 34.

20 2041 62 2076 ii.
83 2053 112 2084 3.

24 2202 62 2238 ii.
86 2215 113 2237 1.

22 2286 63 2321 ii.
83 2296 114 2329 5.

23 2447 66 2482 ii.
85 2460 119 2493 9.

24 2611 77 2647 ib.

28 2773 77 2809 ii.
89 2782 142 2815 14.

263 175 360 214 Cn.
382 169 558 222 XXIV.]
761 162 949 215 Gentis
988 164 1323 231 Avqlormn.
1719 176 1821 226 353

329 305 489 353 Anno
515 306 878 367 DXXXVIII,
909 308 1153 370 eclypsis¹
1183 312 1302 358 solis.
1322 312 1336 336 ²
1358 314 1485 361 sacta
1523 320 1593 362 vsi
1634 318 1814 366 XIIII.

264 387 528 435 Kalendas
553 389 772 448 Mastias,
803 389 866 437 ab
891 390 1014 437 hora
1039 392 1200 451 prima
1227 410 1382 454 usquo
1407 397 1465 442 :ul
1494 399 1705 446 tortium.

329 470 488 517 Anno
537 471 696 531 DXL,
751 472 970 534 eclypsis
1022 473 1145 519 solis
1204 474 1331 521 facta
1392 477 1512 524 XII.
1569 480 1822 527 Kalvmlns

262 550 425 599 Iulias
440 552 470 611 ³,
512 555 563 600 et
605 557 955 615 apparuerunt
989 555 1165 602 stellae
1202 573 1330 616 peno
1367 558 1487 605 hora
1523 561 1727 607 dimidia
1764 563 1823 609 nl»

261 632 388 681 hora
412 634 512 682 diei
536 636 696 684 tertia.

329 716 490 763 Anno
528 717 797 777 DXLVII,
841 718 935 766 Ida
971 735 1182 779 regnare
1218 721 1394 781 coepit,
1441 739 1469 769 a
1508 740 1604 783 quo
1649 726 1826 780 romulis

263 797 817 861 Nordanhymbrorum
856 801 1091 861 prosapia
1133 802 1378 863 originem
1429 806 1579 861 tenet
1622 809 1669 851 ot
1720 807 1822 853 XII

262 880 416 928 annis
452 880 507 928 in
544 898 703 944 regno
739 883 1034 943 permansit.

330 962 490 1009 Anno
528 963 736 1024 DLXV,
779 963 1029 1011 Columba
1065 965 1333 1027 presbyter
1368 967 1429 1013 de
1467 967 1653 1015 Scottia
1689 969 1825 1015 uenit

263 1043 595 1105 Brittaniam,
627 1045 689 1092 ad
716 1045 970 1093 docendos
995 1045 1179 1106 Pictos,
1202 1050 1251 1094 et
1278 1048 1332 1094 in
1357 1048 1523 1095 insula
1545 1049 1633 1095 Ilii
1662 1066 1827 1096 mona-

262 1126 479 1174 sterium
503 1127 636 1176 fecit.

330 1209 490 1257 Anno
537 1209 773 1268 DXCVI,
830 1210 1108 1273 Gregorius
1154 1228 1284 1273 papa
1332 1212 1474 1260 misit
1521 1213 1826 1260 Brittaniam

262 1292 622 1354 Augustinum
639 1292 655 1316 ⁴
691 1309 809 1340 cum
846 1293 1125 1353 monachis,
1167 1293 1255 1355 qui
1297 1294 1513 1342 uerbum
1557 1295 1648 1342 Dei
1690 1295 1829 1355 genti

263 1374 560 1436 Anglorum
598 1374 1022 1437 euangelizarent.

331 1457 491 1504 Anno
516 1456 781 1516 DXGVII,
812 1473 998 1504 uenere
1023 1457 1329 1505 Brittaniam
1358 1458 1567 1519 praefati
1589 1459 1825 1511 doctores,

265 1537 354 1600 qui
379 1538 479 1586 fuit
504 1555 672 1586 annus
704 1538 823 1600 plus
847 1538 1022 1586 minus
1041 1539 1125 1587 CL
1142 1540 1157 1563 ⁵
1182 1540 1436 1587 aduentus
1461 1540 1749 1601 Anglorum
1776 1539 1826 1586 in

265 1620 594 1669 Brittaniam.

331 1704 490 1751 Anno
514 1703 648 1764 DCI,
678 1703 823 1751 misit
847 1719 976 1765 papa
997 1702 1274 1764 Gregorius
1291 1703 1504 1765 pallium
1526 1703 1830 1750 Brittaniam

265 1786 564 1848 Augustino
590 1786 693 1833 iam
712 1786 845 1833 facto
861 1786 1108 1847 episcopo,
1129 1788 1180 1833 et
1197 1785 1369 1847 plures
1389 1785 1529 1832 uerbi
1551 1785 1824 1833 ministros.

264 1868 320 1915 in
346 1868 533 1930 quibus
557 1870 608 1916 et
633 1867 927 1916 Paulinum.

332 1951 492 1999 Anno
518 1951 714 2010 DCIII,
743 1951 1032 2012 pugnatum
1058 1950 1120 1997 ad
1147 1949 1472 2011 Degsastanae
1493 1950 1520 1996 ⁶.

334 2034 493 2081 Anno
519 2033 745 2093 DCIHI,
779 2032 1064 2080 Orientales
1090 2033 1314 2080 Saxones
1338 2032 1492 2079 fidem
1519 2030 1707 2079 Christi
1732 2047 1834 2091 per-

267 2116 467 2179 cipiunt
491 2116 587 2163 sub
612 2132 729 2177 rege
756 2115 991 2163 Sabercto
1007 2115 1023 2139 ⁷
1049 2113 1279 2162 antistite
1305 2113 1515 2160 Mellito.

335 2200 493 2246 Anno
519 2198 670 2258 DCV,
703 2197 982 2259 Gregorius
1006 2197 1143 2244 obiit.

335 2282 494 2329 Anno
536 2280 771 2341 DCXVI,
814 2279 1109 2327 Aedilberct
1129 2278 1144 2301 ⁸
1186 2294 1272 2324 rex
1320 2277 1703 2325 Cantuariorum
1753 2276 1832 2322 dc-

267 2363 480 2411 functus
505 2365 596 2410 est.

339 2446 496 2493 Anno
522 2444 778 2504 DCXXV,
810 2442 1064 2491 Paulinus
1087 2458 1115 2489 a
1139 2442 1283 2489 Iusto
1315 2439 1686 2500 archiepiscopo
1712 2437 1835 2483 ordi-

270 2529 424 2576 natur
447 2527 591 2589 genti
618 2524 1168 2587 Nordanhymbrorum
1193 2523 1417 2570 antistes.

337 2611 498 2659 Anno
523 2608 812 2668 DCXXVI,
844 2607 1071 2665 Eanfied,
1103 2605 1208 2652 filia
1231 2600 1487 2651 Aeduini⁰
1513 2601 1654 2662 regis
1680 2599 1833 2660 bapti-

269 2694 382 2740 zata
405 2707 524 2738 cum
549 2691 660 2738 XII
686 2691 740 2737 in
767 2689 975 2738 sabbato
999 2689 1331 2750 pentecostes.

337 2774 495 2821 Anno
529 2772 848 2832 DCXXVH,
879 2767 1122 2818 Eduini¹⁰
1157 2784 1241 2814 rex
1280 2765 1559 2827 baptizatus
1595 2780 1708 2810 cum
1746 2778 1834 2808 sua

270 2857 423 2919 gente
445 2855 501 2902 in
526 2854 727 2916 pascha.

327 2949 339 2970 ¹
368 2949 564 2999 eclepsis,
585 2952 724 2987 altered
745 2953 777 2986 ίο
798 2948 986 2998 eclypsis
1006 2946 1061 2984 M.
1208 2943 1222 2965 ²
1251 2943 1366 2988 solis,
1390 2945 1511 2978 added
1531 2953 1573 2975 am
1598 2942 1747 2984 mar-gain
1773 2937 1826 2977 M.

272 3024 315 3059 at
334 3023 390 3058 the
409 3022 483 3058 end
502 3020 548 3064 os
558 3020 647 3056 line.
681 3017 741 3066 Hl
762 3021 898 3055 inserts
918 3017 1021 3054 solis
1040 3017 1136 3062 aster
1155 3012 1344 3051 tertiam.
1402 3011 1415 3030 ¹⁴
1449 3009 1543 3046 iulii
1567 3010 1614 3046 C.
1673 3007 1685 3026 ⁴
1711 3008 1827 3049 :ig-(¹.

273 3085 288 3106 ⁵
318 3096 465 3123 annus
486 3083 568 3122 CL.
592 3082 648 3120 M.
675 3082 748 3130 Hl.
884 3080 898 3100 ⁶
924 3082 1096 3129 daegsa-
1119 3078 1174 3124 C;
1204 3088 1277 3126 -ηρ
1299 3077 1341 3114 C.
1367 3074 1402 3111 N
1423 3087 1431 3120 ;
1461 3074 1731 3121 daigsvstam·
1754 3071 1830 3118 O...;

274 3150 564 3199 daysastagne
587 3148 654 3197 09.
712 3147 963 3186 daisastane
986 3145 1037 3183 D.
1059 3144 1127 3182 &c.
1187 3141 1200 3164 ⁷
1229 3139 1481 3179 sauberchto
1502 3138 1532 3174 (t
1551 3151 1557 3179 ;
1590 3135 1832 3181 ,aigin-rehtu

276 3214 328 3253 D.
353 3213 424 3252 &e
446 3213 514 3264 02.
630 3211 644 3233 ⁸
672 3212 845 3250 -bercht
866 3211 924 3259 C;
953 3211 1073 3248 -bcrc
1094 3208 1147 3246 N.
1267 3206 1282 3227 ⁹
1309 3203 1459 3242 eduini
1483 3202 1517 3240 N
1539 3214 1548 3248 ;
1580 3201 1760 3238 eduuini
1787 3200 1829 3236 C.

276 3280 306 3302 ¹⁰
335 3279 530 3317 eduuine
552 3277 599 3317 C.

336 3367 365 3413 ,Γ

1012 3304 1101 3337 Aa
