2240 3444
81 2052 259 2087 Panium

78 2105 179 2138 sent.

379 134 449 184 96
469 134 471 137 ’
835 133 1098 187 Historia
1136 134 1529 189 Ecclesiastica
1794 144 1902 198 [Lm.
1924 151 1980 188 Π.

376 280 577 341 Hocque
616 282 761 329 etiam
803 282 889 330 illa
926 283 1065 330 uobis
1105 284 1434 343 repensatione
1472 283 1718 331 conlatum
1761 287 1841 344 est,
1884 300 1982 344 qua

375 365 592 412 iniuncto
628 366 894 413 ministerio
929 367 1107 425 iugyiter
1125 367 1438 427 persistentes
1470 367 1708 415 laudabili
1742 368 1983 427 patientia

376 448 717 496 redemtionem
746 450 905 509 qentis
937 450 1072 497 illius
1104 448 1450 510 exspectastis¹,
1487 453 1530 498 et
1561 451 1750 511 uestris,
1789 454 1846 497 ut
1870 466 1984 510 pro-

366 531 579 592 ficerent,
633 532 818 579 meritis
865 547 1029 579 eorum
1077 536 1146 579 est
1199 533 1410 580 saluatio
1461 534 1747 593 propinata,
1803 534 1984 582 dicente

374 614 588 662 Domino
613 632 623 661 :
679 614 803 676 ‘Qui
833 616 1219 675 perseuerauerit
1247 630 1399 675 usque
1430 617 1485 663 in
1500 617 1671 677 finem,
1703 616 1780 663 liic
1812 617 1984 664 saluus

375 697 498 745 erit.’
570 698 767 747 Saluati
802 713 910 759 ergyo
945 699 1057 746 estis
1092 713 1175 760 spe
1197 700 1468 760 patientiae
1501 703 1545 747 et
1577 700 1858 748 tolerantiae
1886 702 1985 748 uir·

376 783 487 842 tute,
532 785 589 829 ut
616 782 893 842 infidelium
928 782 1071 830 corda
1106 783 1327 830 naturali
1363 798 1418 831 ac
1449 784 1777 844 superstitioso
1819 784 1983 832 morbo

364 868 595 925 purgyata,
661 867 740 912 sui
798 869 1200 926 consequerentur
1253 867 1634 915 misericordiam
1689 867 1976 915 Saluatoris.

372 947 614 1008 Susceptis
660 964 872 1009 namque
907 950 1125 1010 apicibus
1157 950 1259 1009 filii
1300 951 1457 997 nostri
1491 947 1804 998 Adulualdi²
1839 952 1977 1012 reyis,

373 1034 686 1092 repperimus,
709 1037 896 1093 quanta
921 1035 1048 1082 sacri
1068 1034 1241 1094 eloquii
1261 1034 1530 1081 eruditione
1555 1035 1657 1082 eius
1676 1035 1901 1082 animum
1920 1034 1984 1082 ad

373 1129 518 1162 uerae
543 1119 870 1165 conuersionis
902 1121 946 1164 et
968 1118 1276 1165 indubitatae
1303 1118 1423 1177 fidei
1454 1118 1785 1166 credulitatem
1800 1117 1983 1177 frater-

373 1198 509 1246 nitas
553 1203 714 1248 uestra
754 1201 1051 1261 perduxerit.
1156 1201 1264 1263 Qua
1311 1216 1367 1249 ex
1412 1216 1463 1249 re
1511 1201 1567 1248 de
1618 1202 1985 1262 lonyanimitate

373 1282 648 1331 clemen-tiae
674 1285 888 1332 caelestis
906 1288 1085 1333 certam
1110 1286 1417 1333 adsumentes
1432 1285 1686 1345 fiduciam,
1709 1300 1808 1332 non
1827 1285 1985 1332 solum

371 1368 737 1426 suppositarum
752 1369 793 1415 ei
809 1369 1028 1428 gyentium
1038 1369 1381 1428 plenissimam
1397 1369 1616 1428 salutem,
1637 1369 1784 1415 immo
1800 1383 1985 1428 quoque

373 1450 667 1512 uicinarum,
698 1455 886 1499 uestrae
905 1452 1286 1512 praedicationis
1319 1453 1588 1499 ministerio
1613 1452 1854 1499 credimus
1877 1452 1983 1499 sub-

373 1535 668 1593 sequendam
686 1552 701 1593 ,·
764 1537 1011 1596 quatinus,
1066 1537 1190 1583 sieut
1236 1537 1467 1596 scriptum
1527 1539 1607 1595 est,
1662 1536 1985 1583 consummati

373 1619 527 1677 operis
550 1619 689 1666 uobis
712 1634 886 1667 merces
911 1635 941 1667 a
966 1620 1249 1667 retributore
1275 1620 1495 1667 omnium
1517 1620 1751 1667 bonorum
1771 1619 1983 1667 Domino

373 1701 629 1761 tribuatur,
685 1706 729 1749 et
781 1716 893 1750 uere
947 1702 957 1724 ⁴
964 1717 1060 1763 per
1115 1717 1303 1750 omnem
1363 1707 1543 1751 terram
1602 1703 1749 1750 exisse
1808 1717 1983 1750 sonum

371 1798 549 1845 eorum,
581 1788 625 1832 et
651 1786 702 1832 in
717 1786 851 1845 fines
879 1786 1007 1833 orbis
1032 1789 1186 1834 terrae
1221 1786 1372 1834 uerba
1402 1785 1654 1847 ipsorum-,³
1684 1786 1983 1833 uniuersalis

368 1869 587 1929 yentium
622 1869 871 1930 confessio,
912 1873 1127 1931 suscepto
1166 1868 1476 1918 Christianae
1511 1873 1812 1918 sacramento
1840 1869 1976 1929 fidei,

365 1956 665 2012 protestetur.

439 2037 661 2084 Pallium
693 2040 940 2097 praeterea
966 2052 1057 2098 per
1092 2037 1289 2085 latorem
1312 2038 1650 2099 praesentium
1668 2036 1981 2097 fiaternitati

373 2122 496 2179 tuae,
530 2121 840 2181 beniynitatis
863 2121 1039 2168 studiis
1062 2122 1283 2181 inuitati,
1305 2122 1579 2181 direximus,
1611 2121 1738 2181 quod
1761 2120 1981 2167 uidelicet

372 2206 566 2250 tantum
601 2206 656 2251 in
691 2207 1011 2252 sacrosanctis
1042 2205 1334 2253 celebrandis
1365 2206 1605 2265 mysteriis
1639 2204 1807 2252 utendi
1845 2204 1979 2251 licen-

373 2287 492 2334 tiam
528 2287 880 2347 imperauimus
904 2289 944 2345 ²,·
998 2288 1300 2335 concedentes
1341 2289 1487 2335 etiam
1524 2287 1611 2334 tibi
1652 2287 1981 2334 ordinationes

370 2371 707 2431 episcoporum,
756 2371 966 2430 exiycntc
1007 2372 1343 2431 oportunitate,
1390 2370 1595 2418 Domini
1631 2371 1980 2430 praeueniente

369 2454 709 2513 misericordia,
754 2454 1016 2512 celebrare;
1069 2454 1139 2502 ita
1175 2457 1231 2501 ut
1269 2452 1448 2502 Christi
1489 2454 1793 2514 cuanyclium
1824 2454 1980 2513 pluri-

369 2553 559 2585 morum
595 2538 970 2585 adnuntiatione
1002 2537 1057 2584 in
1090 2538 1315 2585 omnibus
1348 2538 1581 2598 yentibus,
1615 2551 1738 2597 quac
1771 2537 1976 2584 necdum

370 2635 629 2670 conuersae
654 2625 779 2681 sunt,
803 2621 1044 2669 dilatetur.
1106 2620 1308 2668 Studeat
1327 2635 1434 2681 erqo
1460 2624 1546 2668 tua
1560 2621 1857 2680 frater-nitas
1875 2621 1971 2680 hoc,

370 2706 497 2766 quod
511 2706 637 2752 sedis
653 2705 937 2765 apostolicae
953 2704 1157 2751 humani
1162 2707 1256 2751 tate
1261 2705 1451 2764 percepi
1456 2707 1483 2763 t,
1502 2704 1787 2751 intemerata
1803 2706 1978 2752 mentis

369 2790 640 2836 sinceritate
655 2803 859 2847 seruare,
874 2787 1128 2835 ‘intendens
1144 2788 1279 2834 cuius
1300 2788 1366 2834 rei
1386 2787 1706 2835 similitudine
1726 2791 1826 2835 tam
1835 2803 1976 2848 prac-

370 2874 565 2932 eipuum
597 2872 937 2919 indumentum
966 2871 1178 2918 intineris
1211 2871 1309 2917 tuis
1346 2870 1665 2917 baiulandum
1690 2873 1967 2931 susceperis.

371 2956 628 3015 Talemque
650 2959 691 3002 te
710 2956 915 3002 Domini
939 2955 1178 3014 inplorata
1203 2954 1451 3001 clementia
1475 2953 1793 3001 ea'lzibendum
1818 2955 1967 3014 stude,

372 3042 425 3085 ut
453 3039 629 3085 indulti
654 3040 874 3085 muneris
898 3039 1126 3098 praemia
1154 3051 1254 3084 non
1288 3051 1397 3083 eum
1423 3036 1726 3094 reatitudine,
1759 3037 1839 3084 scd
1865 3051 1972 3084 cum

427 3162 437 3183 ¹
469 3162 711 3211 expectatis
730 3162 774 3200 C.
794 3160 865 3199 132.
994 3161 1009 3183 ²
1039 3161 1101 3199 sic
1122 3160 1173 3199 ΒἸ
1195 3174 1204 3209 ;
1234 3160 1456 3199 abelualdi
1479 3160 1532 3198 Β2
1552 3174 1562 3210 ;
1591 3161 1886 3200 ⁸debuluualde
1908 3158 1973 3209 C¹;

373 3228 437 3266 -di
461 3228 523 3267 (32.
642 3228 656 3250 3
685 3228 745 3266 sic
763 3227 882 3267 MSS.
906 3227 1242 3277 impertiuimus
1263 3226 1362 3266 edd.

2013 627 2163 663 Matth.
2190 639 2223 662 x.

2013 690 2064 713 22.

2013 727 2063 763 of.
2086 729 2202 763 Rom.

2013 789 2068 813 vl]
2074 790 2096 812 1.
2121 789 2173 821 24.

2013 1709 2077 1745 Ps.
2099 1710 2211 1746 xviii.

2011 1787 2061 1846 ct.
2083 1811 2198 1845 Rom.

2012 1872 2048 1895 x.
2075 1862 2125 1895 18.
