2240 3444
328 101 435 153 280
534 99 598 152 H
598 98 800 152 istoria
816 95 1208 150 Ecclesiastica
1229 93 1421 149 Gentis
1441 92 1782 163 Angylorum.

329 246 476 295 ocul-o
503 245 725 294 exitium
755 245 988 292 humana
1017 259 1209 292 manus
1238 259 1415 291 curare
1445 241 1654 301 ualeret,
1687 239 1816 303 quin
1842 256 1934 302 per

330 330 441 379 dies
482 331 790 392 augesceret,
834 327 1050 390 contigit
1093 344 1215 374 eum
1253 325 1428 374 subito
1471 324 1681 373 diuinae
1723 323 1934 386 pietatis

330 413 495 477 gratia
519 429 611 475 per
631 411 948 460 sanctissimi
973 411 1133 473 patris
1154 407 1460 458 Cudbercti1
1481 407 1726 470 reliquias
1745 406 1931 456 sanari.

332 497 467 545 Nam
517 496 725 558 quando
774 495 961 543 fratres
1008 493 1089 541 sui
1138 509 1323 555 corpus
1370 491 1535 554 ipsius
1579 492 1698 554 post
1737 490 1935 539 multos

330 580 624 642 sepulturae
660 595 826 627 annos
863 578 1226 640 incorruptum
1264 575 1606 637 reppererunt
1622 572 1651 634 ²,
1695 573 1934 622 tulerunt

329 665 530 726 partem
557 663 620 711 de
645 661 860 724 capillis,
893 677 1051 723 quam
1085 676 1231 708 more
1265 657 1605 720 reliquiarum
1630 656 1935 718 rogantibus

330 745 511 793 amicis
537 745 671 805 dare,
704 744 789 791 uel
815 743 1090 791 ostendere
1114 742 1171 789 in
1197 741 1408 804 signum
1436 737 1678 787 miraculi
1701 741 1928 801 possent.

399 828 605 876 Harum
639 826 950 890 particulam
980 825 1320 887 reliquiarum
1354 841 1413 872 eo
1446 825 1682 885 tempore
1713 820 1935 871 habebat

330 928 488 974 penes
531 927 585 959 se
626 910 841 973 quidam
884 909 947 957 de
989 907 1309 972 presbyteris
1352 907 1587 955 eiusdem
1630 904 1936 953 monasterii

332 996 544 1043 nomine
570 992 863 1042 Thruidred
884 993 913 1053 3,
947 992 1036 1055 qui
1070 1009 1212 1040 nunc
1246 991 1410 1054 ipsius
1443 988 1749 1038 monasterii
1780 988 1937 1037 abbas

331 1082 423 1128 est.
503 1077 603 1139 Qui
640 1094 760 1124 cum
798 1076 881 1124 die
920 1075 1144 1138 quadam
1181 1075 1449 1138 ingressus
1485 1072 1769 1133 ecclesiam,
1800 1089 1938 1134 aper-

332 1162 493 1210 uisset
518 1161 726 1209 thecam
752 1159 1106 1221 reliquiarum,
1133 1159 1192 1206 ut
1213 1157 1510 1220 portionem
1530 1173 1709 1204 earum
1734 1156 1939 1218 roganti

329 1244 494 1293 amico
520 1244 817 1306 praestaret,
849 1241 1068 1305 contigit
1099 1244 1150 1289 et
1180 1241 1353 1303 ipsum
1387 1239 1774 1288 adulescentem
1792 1239 1822 1300 4,
1855 1240 1939 1288 cui

330 1328 513 1376 oculus
561 1326 855 1389 languebat,
895 1323 989 1389 lin
1037 1325 1217 1373 eadem
1274 1326 1400 1371 tunc
1453 1323 1666 1371 ecclesia
1684 1325 1698 1343 ⁷*
1741 1323 1932 1372 adesse.

332 1411 568 1473 Cumque
605 1410 878 1472 presbyter
913 1408 1223 1471 portionem,
1268 1409 1518 1470 quantam
1556 1406 1740 1467 uoluit,
1772 1406 1939 1455 amico

331 1494 572 1555 dedisset,
618 1493 886 1540 residuum
925 1491 1069 1540 dedit
1109 1490 1444 1551 adulescenti,
1491 1492 1549 1539 ut
1592 1507 1685 1538 suo
1728 1489 1784 1537 in
1826 1490 1938 1539 loco

330 1579 616 1640 reponeret.
696 1577 769 1623 At
806 1575 896 1623 ille
934 1575 1130 1624 salubri
1167 1574 1421 1622 instinctu
1459 1573 1775 1635 admonitus,
1819 1591 1939 1622 cum

330 1660 610 1723 accepisset
653 1658 866 1721 capillos
914 1658 1079 1706 sancti
1124 1657 1320 1720 capitis,
1375 1657 1617 1720 adposuit
1664 1656 1939 1720 palpebrae

330 1743 617 1807 languenti,
672 1746 722 1791 et
782 1742 1085 1804 aliquandiu
1146 1744 1411 1789 tumorem
1471 1741 1626 1788 illum
1685 1733 1940 1788 infestum

331 1828 522 1875 horum
579 1825 902 1888 adpositione
954 1825 1279 1888 conprimere
1336 1842 1393 1873 ac
1449 1825 1657 1872 mollire
1708 1824 1934 1872 curabat.

334 1911 445 1971 Quo
470 1910 620 1970 facto,
653 1908 915 1971 reliquias,
947 1910 1006 1956 ut
1032 1908 1206 1956 iussus
1233 1910 1354 1968 erat,
1389 1925 1482 1956 sua
1514 1908 1570 1955 in
1595 1908 1746 1956 theca
1769 1924 1941 1955 recon-

333 1993 478 2053 didit,
521 1992 737 2040 credens
773 2008 930 2039 suum
968 1991 1179 2039 oculum
1217 1991 1418 2054 capillis
1456 1991 1557 2038 uiri
1594 1991 1706 2051 Dei,
1750 1990 1941 2053 quibus

332 2076 568 2124 adtactus
605 2078 725 2135 erat,
759 2074 901 2123 ocius
935 2091 1046 2122 esse
1088 2075 1395 2123 sanandum.
1475 2074 1658 2138 Neque
1691 2091 1814 2122 eum
1848 2090 1941 2122 sua

332 2159 461 2207 fides
486 2158 684 2206 fefellit.
763 2158 890 2205 Erat
923 2157 1080 2218 enim,
1112 2160 1171 2206 ut
1205 2158 1394 2206 referre
1427 2160 1506 2206 est
1526 2159 1541 2183 ‘³
1578 2158 1778 2219 solitus,
1814 2159 1941 2205 tunc

334 2242 460 2290 hora
501 2241 704 2289 circiter
753 2241 980 2289 secunda
1022 2241 1136 2289 diei.
1215 2241 1316 2290 Sed
1361 2259 1481 2289 cum
1532 2242 1645 2303 alia,
1707 2258 1940 2304 quaeque

333 2325 442 2373 dies
476 2325 569 2372 illa
601 2324 852 2386 exigebat,
886 2324 1133 2386 cogitaret
1168 2327 1218 2372 et
1251 2325 1452 2387 faceret,
1484 2324 1780 2373 inminente
1812 2324 1940 2372 hora

332 2408 496 2470 ipsius
522 2407 626 2455 diei
652 2409 808 2469 sexta,
842 2409 1055 2469 repente
1082 2408 1394 2471 contingens
1420 2408 1629 2456 oculum
1654 2408 1726 2456 ita
1751 2424 1939 2456 sanum

333 2509 453 2539 cum
478 2490 722 2554 palpebra
747 2490 967 2550 inuenit,
999 2507 1055 2537 ac
1082 2491 1126 2538 si
1151 2491 1229 2538 nil
1256 2508 1507 2554 umquam
1534 2492 1591 2539 in
1618 2509 1676 2540 eo
1703 2490 1939 2540 deformi-

333 2576 460 2624 tatis
485 2592 541 2622 ac
567 2574 794 2623 tumoris
819 2573 1160 2637 apparuisset.

387 2701 397 2722 ¹
430 2700 621 2739 -berchti
641 2700 685 2739 O.
765 2699 778 2719 ²
810 2700 1093 2750 reperierunt
1117 2700 1160 2738 M
1183 2713 1191 2748 ς
1225 2702 1511 2750 reppererent
1533 2701 1581 2739 B.
1671 2699 1685 2718 ³
1714 2700 1939 2750 thrydred

335 2768 381 2806 B.
408 2768 440 2806 O
462 2780 471 2815 ;
496 2766 693 2816 thryded
717 2767 767 2804 N.
978 2765 993 2787 ⁴
1023 2766 1215 2805 adulisc-
1238 2766 1294 2805 M.
1320 2766 1364 2805 C.
1577 2766 1591 2788 ⁵
1620 2767 1721 2805 eccl.
1746 2769 1857 2805 tunc
1879 2767 1934 2806 M.

332 2836 346 2856 ‘³
376 2835 471 2872 erat
492 2833 548 2872 M.

1970 1337 2064 1385 f.99
2083 1349 2118 1373 a.
