2240 3444
347 98 454 149 282
804 94 1073 148 Historia
1112 94 1504 148 Ecclesia-stica
1762 103 1871 155 [Lm.
1897 107 1946 145 V.

347 245 616 304 certantes,
657 240 662 307 Ι
693 242 908 291 tandem
949 244 1068 304 post
1106 243 1252 304 terga
1294 240 1682 303 respiceremus,
1728 240 1772 288 si
1813 240 1949 288 forte
1978 247 2006 283 f.
2032 260 2097 283 100
2115 260 2150 284 a.

347 327 432 374 uel
479 327 663 389 ipsam,
718 327 782 374 de
832 341 934 388 qua
982 325 1175 387 egressi
1224 341 1442 385 eramus,
1491 323 1724 371 insulam
1771 323 1948 386 aliquo

347 410 621 458 conamine
646 412 879 472 repetere
916 425 1203 471 possemus,
1234 408 1539 456 inuenimus
1569 423 1666 455 nos
1691 407 1947 469 undique-

346 510 560 542 uersum
601 493 713 556 pari
754 493 1066 556 tempestate
1100 492 1407 554 praeclusos,
1454 491 1762 552 nullamque
1801 506 1948 552 spem

346 576 499 625 nobis
536 577 593 624 in
641 577 793 625 nobis
842 578 1034 624 restare
1083 575 1282 624 salutis.
1357 574 1465 624 Ubi
1512 576 1689 622 autem
1738 573 1949 636 longius

345 660 521 708 uisum
546 659 854 720 leuauimus,
885 659 1116 707 uidimus
1146 661 1203 707 in
1237 659 1348 721 ipsa
1379 657 1553 706 insula
1587 657 1755 705 Farne
1787 673 1950 719 egres-

348 760 467 790 sum
492 744 555 791 de
581 742 813 790 latibulis
842 742 950 790 suis
974 741 1398 790 amantissimum
1432 741 1540 788 Deo
1565 742 1767 803 patrem
1794 739 1951 789 Oidil-

348 827 564 874 ualdum
589 826 688 874 iter
708 829 948 874 nostrum
974 825 1241 887 inspicere.
1300 825 1500 874 Audito
1527 824 1725 872 etenim
1749 824 1952 886 fragore

348 910 692 971 procellarum
735 926 791 956 ac
833 909 1088 956 feruentis
1130 909 1308 957 oceani
1350 909 1547 957 exierat
1583 909 1775 969 uidere,
1823 907 1951 970 quid

350 992 503 1040 nobis
545 992 834 1053 accideret;
890 1008 1114 1054 cumque
1157 1009 1254 1040 nos
1296 992 1352 1040 in
1395 992 1569 1040 labore
1617 1008 1673 1040 ac
1717 992 1951 1054 despera-

349 1077 492 1124 tione
510 1076 523 1101 ¹
558 1076 753 1138 positos
784 1077 1026 1136 cerneret,
1058 1075 1295 1124 flectebat
1324 1093 1494 1139 genua
1526 1092 1620 1123 sua
1650 1076 1714 1123 ad
1747 1077 1952 1137 patrem
1982 1081 2033 1140 gf:
2056 1082 2161 1127 Eph.

354 1159 566 1208 Domini
604 1158 772 1206 nostri
815 1159 936 1206 Iesu
975 1159 1171 1207 Christi
1204 1176 1297 1222 pro
1332 1161 1511 1208 nostra
1549 1159 1660 1207 uita
1692 1162 1743 1206 et
1784 1158 1953 1207 salute
1982 1144 2039 1168 ω’
2066 1144 2116 1176 ¹4'

349 1245 664 1306 precaturus.
719 1243 789 1290 Et
810 1259 930 1290 cum
951 1242 1239 1290 orationem
1259 1243 1537 1306 conpleret,
1560 1242 1721 1291 simul
1745 1242 1953 1291 tumida

349 1343 569 1388 aequora
593 1326 818 1388 placauit
844 1344 854 1387 3
892 1326 1019 1374 adeo
1044 1329 1117 1387 ut,
1150 1329 1383 1375 cessante
1415 1343 1509 1389 per
1533 1325 1708 1374 omnia
1733 1325 1953 1374 saeuitia

350 1409 689 1471 tempestatis
739 1409 954 1457 secundi
997 1426 1094 1458 nos
1130 1410 1277 1458 uenti
1320 1411 1384 1458 ad
1423 1413 1620 1458 terram
1659 1426 1822 1472 usque
1860 1425 1953 1471 per

350 1493 505 1556 plana
542 1492 702 1540 maris
738 1495 884 1556 terga
922 1493 1309 1542 comitarentur.
1389 1494 1626 1556 Cumque
1670 1493 1953 1541 euadentes

350 1577 412 1624 ad
438 1578 642 1637 terram,
675 1576 975 1625 nauiculam
1001 1594 1209 1640 quoque
1234 1580 1469 1626 nostram
1494 1577 1558 1626 ab
1583 1576 1740 1625 undis
1771 1592 1952 1638 expor-

351 1663 594 1720 taremUS‚
649 1676 771 1707 mox
825 1661 1019 1722 eadem,
1075 1678 1205 1724 quae
1254 1661 1422 1710 nostri
1474 1660 1642 1724 gratia
1687 1659 1954 1708 modicum

354 1743 577 1804 siluerat,
604 1745 886 1806 tempestas
905 1744 1072 1806 rediit,
1099 1747 1149 1793 et
1175 1746 1285 1793 toto
1304 1744 1395 1793 illo
1422 1744 1505 1792 die
1529 1744 1763 1792 multum
1783 1744 1955 1792 furere

356 1843 462 1875 non
489 1827 710 1874 cessauit
735 1845 746 1887 ;
782 1829 841 1876 ut
866 1828 1038 1890 palam
1069 1829 1278 1876 daretur
1311 1828 1563 1891 intellegi,
1600 1827 1721 1891 quia
1751 1827 1958 1876 modica

354 1911 458 1970 illa,
499 1926 630 1971 quae
665 1914 990 1973 prouenerat,
1022 1911 1353 1975 intercapedo
1388 1911 1592 1975 quietis⁷
1629 1911 1693 1959 ad
1727 1911 1830 1959 uiri
1859 1910 1959 1959 Dei

354 2010 530 2056 preces
557 1997 764 2043 nostrae
791 1994 1051 2043 euasionis
1075 1995 1240 2058 gratia
1264 1994 1481 2044 caelitus
1506 1996 1696 2044 donata
1721 1994 1831 2042 est.'

425 2079 620 2127 Mansit
659 2080 836 2126 autem
878 2078 1018 2126 idem
1061 2079 1143 2126 uir
1182 2079 1281 2128 Dei
1323 2079 1381 2127 in
1422 2079 1597 2127 insula
1638 2078 1805 2127 Farne
1841 2077 1956 2126 XII

355 2162 522 2221 annis,
577 2162 876 2224 ibidemque
911 2162 1225 2211 defunctus‘2
1247 2181 1258 2224 ;
1308 2162 1399 2211 sed
1441 2162 1498 2210 in
1538 2162 1710 2210 insula
1757 2161 1959 2210 Lindis-

355 2245 588 2293 sarnensi
636 2246 782 2293 iuxta
823 2245 1174 2307 praefatorum
1226 2263 1440 2309 corpora
1487 2245 1850 2308 episcoporum
1898 2245 1954 2293 in

356 2329 571 2378 ecclesia
600 2329 739 2378 beati
772 2329 994 2392 apostoli
1024 2329 1172 2378 Petri
1202 2331 1441 2393 sepultus
1470 2332 1561 2378 est.
1641 2330 1799 2378 Gesta
1832 2347 1955 2379 uero

356 2416 480 2460 sunt
504 2413 630 2460 haec
650 2413 976 2475 temporibus
1000 2413 1234 2462 Aldfridi
1250 2414 1265 2438 3
1290 2413 1439 2476 regis,
1472 2413 1564 2476 qui
1587 2416 1706 2475 post
1738 2413 1956 2462 fratrem

358 2514 512 2544 suum
533 2497 841 2559 Ecgfridum
860 2496 1005 2559 genti
1026 2497 1590 2561 Nordanhymbrorum
1609 2497 1660 2544 X
1680 2499 1731 2546 et
1750 2497 1924 2546 VIIII
1942 2498 1959 2521 ‘²

355 2580 508 2628 annis
532 2580 770 2643 praefuit.

1014 2717 1167 2766 GAP.
1211 2717 1287 2765 II.

568 2830 614 2866 Ut
632 2831 829 2876 episcopus
848 2831 1047 2867 Iohannes
1070 2833 1224 2866 mutum
1240 2827 1254 2849 ⁵
1276 2832 1522 2868 benedicendo
1544 2834 1753 2870 curauerz't.

69 2940 196 2983 John,
428 2926 629 2975 Cums6
677 2928 826 2989 regni
884 2926 1142 2990 principio
1202 2927 1450 2975 defuncto
1511 2928 1643 2977 Eata
1702 2929 1954 2993 episcopo,

69 2988 288 3076 Ξξζξξηῗῐ
359 3009 623 3057 Iohannes
659 3009 742 3057 uir
780 3013 991 3059 sanctus
1030 3007 1503 3074 Hagustaldensis7
1543 3012 1785 3061 ecclesiae
1819 3030 1959 3076 prae-

415 3117 427 3139 ¹
461 3119 580 3169 disp·
601 3119 657 3159 M.
792 3118 806 3140 ²
836 3124 927 3159 -tus
947 3123 1015 3160 est
1034 3121 1080 3160 C.
1214 3121 1229 3143 ³
1259 3122 1340 3160 alt·
1362 3123 1413 3162 N.
1529 3123 1542 3145 4
1571 3136 1688 3163 XVIII
1709 3124 1754 3164 C.
1871 3125 1885 3147 ⁵
1913 3127 1958 3163 et

364 3185 611 3224 scabiosum
631 3189 723 3225 add.
747 3187 802 3226 M.
819 3200 892 3226 om.
910 3187 958 3227 Β.
977 3188 1021 3227 C.
1047 3188 1098 3227 N.
1117 3187 1202 3227 AS.
1316 3189 1331 3211 ⁶
1360 3189 1496 3229 huius
1514 3190 1558 3230 C.
1672 3188 1688 3211 ⁷
1718 3203 1788 3241 ag·
1810 3191 1862 3230 N.
