2240 3444
382 129 490 180 224
824 125 885 177 H
888 124 1091 178 ίδΐοφία
1129 122 1522 176 Ecclesia-stica
1783 129 1892 181 [Lm.
1917 130 1972 170 IV
1979 161 1989 172 .

382 290 482 336 pus
498 291 618 322 suae
634 272 1114 337 transmigrationis
1133 267 1456 334 proximum¹
1477 268 1724 317 nuntiare
1740 266 1985 314 uenisset.

386 357 522 405 Nam
560 360 611 405 et
647 359 735 418 ita,
777 359 837 405 ut
874 357 1099 420 rogabat,
1142 356 1402 403 transacta
1438 370 1543 400 una
1580 353 1663 400 die
1701 352 1786 399 et2
1823 351 1987 408 nocte,

388 441 559 488 soluta
585 441 752 489 carnis
779 441 938 489 simul
959 442 1009 488 et
1035 437 1361 487 infirmitatis
1383 435 1607 485 uinculis
1634 435 1697 483 ad
1723 435 1962 482 aeternae
1979 432 1995 457 ³

387 524 575 587 gaudia
601 524 785 573 salutis
810 523 1044 572 intrauit.

1062 716 1216 766 CAP.
1262 716 1326 764 X.

479 865 527 900 Ut
547 864 599 900 acl
619 863 863 907 cymiterium
883 861 1054 897 eiusdem
1074 860 1302 897 monasterii
1321 871 1440 896 orans
1460 869 1568 895 caeca
1588 858 1709 893 lucem
1728 856 1914 901 receperit.

98 988 282 1045 Fqnher
459 975 741 1024 SuccssssIT
781 976 958 1022 autem
996 972 1340 1034 Aedilburgi‘*
1380 972 1436 1019 in
1476 970 1675 1020 officio5
1712 969 2000 1017 abbatissae

98 1039 301 1075 nimae-les.
391 1059 580 1107 deuota
605 1059 715 1106 Deo
741 1058 953 1118 famula,
980 1058 1193 1104 nomine
1214 1055 1441 1104 Hildilid
1457 1056 1485 1116 ⁶,
1510 1054 1799 1116 multisque
1826 1052 1996 1113 annis,

389 1142 442 1190 id
464 1144 542 1190 est·
568 1159 733 1204 usque
759 1141 824 1189 ad
851 1141 1097 1188 ultimam
1118 1141 1458 1200 senectutem,
1481 1138 1652 1187 eidem
1678 1135 1999 1185 monasterio

391 1225 770 1286 strenuissime,
801 1225 886 1272 et⁷
923 1227 981 1273 in
1018 1223 1353 1272 obseruantia
1390 1222 1694 1285 disciplinae
1731 1220 1996 1284 regularis,

392 1312 442 1358 et
461 1310 517 1356 in
538 1326 731 1369 earum,
755 1325 884 1371 quae
905 1308 967 1355 ad
996 1324 1303 1356 communes
1323 1323 1448 1354 usus
1467 1307 1747 1368 pertinent,
1787 1305 1793 1370 1
1826 1321 2003 1353 rerum
2033 1314 2060 1350 f.
2085 1327 2127 1360 79
2146 1325 2180 1350 a.

393 1392 726 1456 prouidentia
751 1392 990 1454 praefuit.
1050 1392 1145 1440 Cui
1171 1408 1291 1438 cum
1317 1394 1532 1452 propter
1557 1391 1857 1452 angustiam
1883 1388 1997 1448 loci,

394 1477 449 1525 in
494 1494 595 1539 quo
646 1476 1026 1523 monasterium
1070 1476 1430 1523 constructum
1474 1475 1564 1534 est,
1609 1473 1902 1536 placuisset,
1945 1474 2006 1520 ut

395 1574 509 1605 ossa
551 1556 872 1604 famulorum
914 1555 1337 1617 famularumque
1379 1553 1588 1615 Christi,
1634 1570 1765 1616 quae
1806 1552 2006 1600 ibidem

395 1640 603 1688 fuerant
636 1640 910 1699 tumulata,
947 1639 1271 1699 tollerentur,
1305 1639 1357 1685 et
1387 1637 1798 1686 transferrentur
1828 1635 2007 1684 omnia

396 1725 451 1771 in
479 1724 747 1772 ecclesiam
772 1724 951 1771 beatae
977 1722 1075 1771 Dei
1102 1721 1394 1785 genetricis,
1421 1737 1630 1783 unoque
1657 1720 2007 1768 conderentur

397 1806 453 1854 in
491 1807 637 1867 loco3
676 1808 880 1869 quoties
916 1805 990 1854 ibi
1028 1806 1234 1853 claritas
1270 1804 1490 1852 luminis
1528 1803 1777 1865 caelestis,
1811 1804 2008 1866 quanta

398 1906 548 1952 saepe
586 1890 860 1952 flagrantia
896 1889 1122 1937 mirandi
1162 1888 1459 1950 apparuerit
1507 1887 1692 1948 odoris,
1738 1904 1868 1949 quae
1908 1887 2009 1935 alia

397 1975 505 2021 sint
539 1973 688 2036 signa
714 1975 933 2034 ostensa,
966 1974 1022 2020 in
1047 1972 1158 2035 ipso
1185 1972 1334 2033 libro,
1368 1972 1430 2021 de
1458 1989 1559 2035 quo
1597 1972 1724 2019 haec
1758 1969 2008 2033 excerpsi-

398 2074 532 2117 mus,
565 2057 784 2119 quisque
809 2056 1004 2118 legerit,
1038 2055 1289 2104 inueniet.

469 2141 603 2189 Sane
637 2140 939 2187 nullatenus
968 2140 1409 2201 praetereundum
1435 2140 1660 2187 arbitror
1693 2137 2009 2186 miraculum

399 2225 649 2284 sanitatis,
682 2223 819 2285 quod
853 2223 916 2271 ad
950 2222 1126 2285 ipsum
1161 2222 1498 2285 cymiterium
1525 2223 1635 2270 Deo
1664 2222 1859 2270 dicatae
1896 2238 2011 2269 con-

399 2306 716 2370 gregationis
752 2307 949 2355 factum
984 2306 1125 2354 idern
1159 2306 1372 2354 libellus
1407 2306 1576 2354 refert.
1657 2306 1783 2354 Erat
1817 2304 2010 2368 quippe

398 2391 454 2438 in
481 2391 718 2452 proximo
745 2407 917 2438 comes
944 2389 1173 2452 quidam,
1205 2389 1352 2437 cuius
1377 2407 1509 2437 uxor
1542 2390 1820 2452 ingruente
1847 2388 2010 2436 oculis

400 2475 622 2537 caligine
656 2474 828 2521 subita
846 2473 874 2534 3,
906 2475 1118 2521 tantum
1156 2490 1249 2535 per
1284 2473 1393 2521 dies
1429 2473 1612 2521 eadem
1646 2473 1887 2520 molestia
1913 2489 2013 2520 cre-

400 2558 670 2606 brescente
707 2558 918 2620 grauata
955 2558 1045 2615 est,
1079 2558 1136 2604 ut
1174 2573 1240 2604 ne
1277 2556 1589 2603 minimam⁹
1624 2556 1839 2618 quidem
1876 2555 2010 2604 lucis

400 2642 618 2690 alicuius
644 2642 818 2703 posset
837 2640 1146 2703 particulam
1168 2640 1359 2689 uidere.
1422 2639 1531 2700 Oui,
1555 2639 1682 2687 dum
1704 2639 2005 2702 aliquandiu

402 2725 662 2773 caecitatis
688 2724 848 2772 huius
872 2727 1023 2772 nocte
1049 2723 1222 2772 clausa
1253 2725 1504 2784 maneret,
1536 2726 1751 2786 repente
1776 2723 1926 2772 uenit
1951 2724 2008 2771 in

402 2810 651 2867 mentem,
696 2808 829 2870 quia,
879 2808 923 2855 si
971 2807 1034 2854 ad
1085 2808 1465 2854 monasterium
1519 2807 1692 2855 delata
1740 2807 2007 2869 uirginum

404 2891 879 2952 sanctimonalium,
924 2891 988 2938 ad
1025 2889 1269 2952 reliquias
1306 2891 1601 2938 sanctorum
1648 2882 2011 2952 peteret,'per-

405 2975 568 3022 (litam
606 2977 778 3036 posset
816 2974 1042 3036 recipere
1079 2974 1265 3022 lucem.
1345 2973 1452 3020 Nec
1485 2974 1703 3035 distulit,
1736 2975 1865 3037 quin
1899 2990 2013 3021 con-

458 3079 470 3101 1
501 3082 549 3119 in
572 3081 830 3130 proximum
853 3082 912 3121 M.
1025 3079 1040 3101 ²
1070 3093 1119 3119 ac
1142 3081 1201 3120 M.
1223 3079 1295 3130 (⁶3).
1409 3079 1423 3101 ³
1454 3093 1530 3119 -na
1553 3080 1600 3121 C.
1622 3079 1693 3121 N¹.
1797 3080 1811 3103 '²
1841 3094 1910 3131 -ge
1932 3078 1987 3118 B2
2008 3098 2019 3134 3

402 3147 681 3196 aebilburgae
704 3147 752 3187 C.
1140 3147 1155 3170 ⁵
1185 3147 1323 3185 -eium
1349 3146 1395 3186 C.
1416 3147 1471 3186 N.
1598 3145 1612 3168 ⁶
1642 3148 1721 3186 -lio
1738 3146 1822 3196 N13
1853 3148 1926 3186 -lit-
1947 3146 2020 3189 N2.

401 3211 416 3234 ⁷
447 3215 490 3252 et
512 3227 587 3253 om.
606 3213 663 3253 M.
778 3213 791 3235 s
821 3215 884 3252 -to
900 3213 947 3253 C.
964 3211 1031 3253 132.
1145 3212 1160 3235 ⁹
1189 3226 1334 3252 -mum
1355 3213 1414 3253 M.
