2240 3444
83 1545 227 1591 Origin
252 1546 299 1580 of

81 1596 152 1632 the
171 1599 336 1641 system.

376 139 484 189 416
876 134 1139 206 Epistola
1176 133 1321 187 Bede
1359 131 1435 185 ced

375 285 476 347 ipsi
503 283 798 345 ualuerint;
836 283 920 332 uel
954 286 1091 332 certe
1127 299 1258 347 quos
1287 280 1390 344 ipsi
1423 280 1486 328 de
1520 278 1629 327 suis
1663 278 1982 327 satellitibus

376 369 440 417 ad
482 368 869 431 suscipiendam
911 370 1183 416 tonsuram
1220 364 1476 428 promissa
1517 362 1619 410 sibi
1657 361 1982 413 obaedientia

374 454 680 502 monachica
708 453 931 502 inuitare
958 452 1235 516 quiuerint.
1313 450 1524 498 Horum
1550 448 1786 498 distortis
1810 447 1982 496 cohor-

375 537 530 597 tibus,
557 553 688 598 suas,
716 553 844 600 quas
868 535 1175 595 instruxere,
1202 534 1356 582 cellas
1376 532 1614 596 implent,
1640 531 1981 594 multumque

374 620 589 669 informi
636 623 795 683 atque
855 619 1123 668 inaudito¹
1176 616 1482 680 spectaculo,
1536 615 1679 664 idem
1727 615 1829 678 ipsi
1878 615 1981 664 uiri

373 686 530 752 modo
574 703 812 767 coniugis
854 720 913 751 ac
960 702 1247 750 liberorum
1289 699 1727 763 procreandorum
1769 699 1980 748 curam2

374 788 577 850 gerunt,
599 787 754 835 modo
780 787 1115 848 exsurgentes
1140 785 1204 833 de
1224 783 1497 841 cubilibus,
1520 782 1645 846 quid
1671 783 1811 832 intra
1836 786 1981 845 septa

375 869 810 918 monasteriorum
842 868 951 932 geri
986 867 1183 928 debeat,
1215 867 1398 915 sedula
1432 866 1729 914 intentione
1765 869 1981 929 pertrac-

373 955 503 1003 tant.
584 952 724 1014 Quin
750 952 909 1001 etiam
935 952 1044 1000 suis
1078 950 1389 1013 coniugibus
1421 949 1587 998 simili
1616 949 1946 1012 impudentia
1965 949 1981 974 3

375 1036 752 1096 construendis,
774 1038 834 1084 ut
854 1035 954 1098 ipsi
973 1035 1135 1096 aiunt,
1157 1035 1490 1083 monasteriis
1514 1035 1626 1083 loca
1645 1035 1975 1098 conquirunt,

375 1137 504 1183 quae
553 1119 664 1182 pari
712 1118 953 1180 stultitia,
1003 1135 1123 1167 cum
1172 1118 1281 1167 sint
1330 1118 1502 1181 laicae,
1557 1118 1877 1167 famularum
1927 1135 1982 1167 se

375 1203 572 1252 Christi
631 1202 950 1266 permittunt
1011 1220 1122 1251 esse
1182 1203 1421 1251 rectrices
1437 1203 1467 1252 ⁴.
1600 1201 1803 1264 Quibus
1862 1205 1981 1265 apte

375 1287 621 1335 conuenit
663 1287 795 1335 illud
835 1286 983 1349 uulgi
1030 1286 1391 1350 prouerbium,
1442 1286 1562 1349 quia
1603 1302 1792 1349 uespae
1832 1286 1981 1334 fauos

375 1370 587 1432 quidem
622 1370 787 1418 facere
825 1387 947 1419 cum
966 1371 982 1396 ⁵
1006 1370 1224 1434 possint,
1256 1388 1365 1420 non
1398 1372 1580 1419 tamen
1608 1369 1666 1418 in
1691 1370 1777 1418 his
1801 1369 1974 1431 mella,

372 1454 460 1502 sed
486 1454 661 1516 potius
685 1471 888 1502 uenena
913 1454 1283 1504 thesaurizent.

447 1553 520 1598 13.
565 1537 650 1586 Sic
685 1554 778 1600 per
814 1555 981 1587 annos
1015 1538 1220 1587 circiter
1250 1537 1482 1602 triginta,
1514 1537 1612 1586 hoc
1638 1538 1753 1598 est⁶,
1786 1554 1849 1586 ex
1875 1554 1979 1601 quo

371 1619 580 1669 Aldfrid
607 1638 698 1669 rex
721 1622 970 1671 humanis
995 1622 1149 1670 rebus
1173 1622 1378 1671 ablatus
1398 1624 1491 1683 est,
1513 1621 1783 1685 prouincia
1802 1623 1981 1670 nostra

371 1720 562 1752 uesano
588 1704 680 1752 illo
706 1722 875 1754 errore
896 1706 1196 1755 dementata
1220 1708 1312 1768 est,
1343 1708 1404 1754 ut
1429 1705 1609 1754 nullus
1633 1721 1767 1768 pene
1793 1705 1981 1753 exinde

371 1788 753 1850 praefectorum
786 1789 1018 1839 extiterit
1052 1789 1143 1854 qui
1176 1807 1285 1838 non
1317 1789 1625 1838 huiusmodi
1650 1789 1751 1838 sibi
1775 1805 1979 1860 monas-

372 1871 565 1920 terium
591 1872 648 1920 in
674 1872 856 1921 diebus
882 1890 1004 1923 suae
1028 1873 1380 1937 praefecturae
1397 1872 1788 1936 comparauerit,
1811 1889 1978 1922 suam-

373 1972 473 2018 que
514 1952 518 2020 Ι
551 1956 711 2004 simul
771 1957 1047 2021 coniugem
1106 1957 1220 2020 pari
1277 1959 1424 2006 reatu
1485 1957 1662 2005 nociui
1719 1960 1979 2005 mercatus

372 2038 705 2101 astrinxerit3
743 2057 800 2089 ac
835 2041 1169 2103 praeualente
1208 2042 1437 2104 pessima
1475 2040 1851 2090 consuetudine
1888 2040 1980 2089 mi-

373 2122 527 2170 nistri
552 2140 757 2186 quoque
788 2125 924 2188 regis
958 2142 1015 2173 ac
1047 2125 1236 2174 famuli
1255 2125 1271 2150 ⁷
1296 2125 1438 2174 idem
1463 2125 1627 2174 facere
1661 2125 1945 2189 sategerint
1967 2143 1979 2186 ;

374 2208 529 2269 atque
566 2207 639 2255 ita
676 2208 858 2255 ordine
894 2226 1138 2271 peruerso
1175 2209 1447 2258 innumeri
1483 2209 1592 2258 sint
1628 2209 1849 2271 inuenti,
1887 2209 1979 2272 qui

376 2305 429 2337 se
469 2289 678 2338 abbates
720 2291 914 2353 pariter
953 2295 1004 2341 et
1046 2293 1335 2356 praefectos
1375 2292 1522 2341 siue⁸
1565 2292 1840 2341 ministros
1886 2296 1978 2342 aut

376 2373 603 2422 famulos
630 2374 765 2438 regis
791 2376 1071 2438 appellent,
1103 2377 1193 2440 qui
1231 2377 1328 2425 etsi
1365 2377 1565 2441 aliquid
1601 2376 1739 2425 uitae
1775 2394 1978 2425 monas-

375 2457 572 2505 terialis
598 2458 824 2507 ediscere
840 2460 854 2484 ⁹
875 2458 993 2508 laici
1016 2477 1123 2509 non
1150 2460 1464 2524 experiendo
1496 2461 1586 2510 sed
1613 2461 1871 2509 audiendo
1889 2478 1974 2524 po-

376 2540 586 2602 tuerint,
618 2558 646 2589 a
670 2559 892 2604 persona
917 2546 1096 2592 tamen
1122 2544 1213 2593 illa
1237 2562 1295 2593 ac
1321 2545 1658 2608 professione,
1685 2562 1815 2608 quae
1841 2545 1977 2593 hanc

373 2625 552 2672 docere
578 2625 774 2683 debeat,
806 2624 976 2675 sunt10
1009 2627 1250 2676 funditus
1282 2630 1513 2677 exsortes
1530 2626 1577 2678 Π.
1656 2629 1726 2678 Et
1760 2628 1975 2691 quidem

373 2708 503 2756 tales
539 2711 762 2771 repente,
799 2712 858 2758 ut
895 2710 1049 2771 nosti,
1081 2714 1355 2761 tonsuram
1391 2729 1485 2776 pro
1523 2729 1617 2761 suo
1655 2712 1811 2761 libitu
1851 2712 1972 2761 acci-

375 2791 541 2853 piunt,
573 2810 666 2841 suo
703 2794 943 2843 examine
969 2795 1032 2844 de
1057 2795 1201 2844 laicis
1226 2812 1334 2844 non
1360 2797 1616 2858 monachi,
1649 2797 1738 2845 sed
1763 2796 1977 2845 abbates

374 2874 680 2924 efficiuntur.
759 2877 859 2925 Sed
894 2877 1014 2940 quia
1048 2879 1308 2941 praefatae
1345 2879 1561 2928 uirtutis
1597 2896 1692 2928 nec
1729 2879 1974 2928 notitiam

432 3037 441 3059 ¹
473 3041 540 3078 -tu
564 3040 623 3079 H.
700 3040 716 3062 ²
745 3053 898 3079 curam
920 3054 1062 3092 procr.
1082 3042 1140 3082 M.
1221 3043 1235 3065 ³
1265 3042 1468 3092 imprud-
1489 3043 1550 3083 H.
1653 3041 1668 3064 4
1699 3045 1888 3082 rectores
1910 3043 1969 3083 M.

375 3104 389 3126 ⁵
419 3117 518 3143 vum
540 3118 612 3145 om.
639 3106 699 3144 M.
883 3108 897 3130 ὓ
915 3111 982 3155 for
1003 3109 1193 3158 triginta
1213 3108 1296 3147 hoc
1317 3111 1384 3147 est
1406 3108 1450 3147 M
1472 3112 1545 3147 kas
1565 3110 1670 3147 xxxi
1691 3123 1700 3158 3
1723 3112 1895 3156 possibly
1915 3113 1973 3149 the

376 3174 492 3208 scribe
513 3174 591 3208 lead
615 3174 731 3218 lusere
751 3176 834 3210 him
854 3187 861 3212 z
894 3174 1027 3211 xxx-i·
1043 3186 1179 3212 :xxx
1197 3173 1243 3212 id
1260 3175 1338 3213 est.
1457 3171 1471 3193 ⁷
1503 3174 1679 3213 familia
1696 3175 1752 3215 M.
1819 3191 1823 3195 ·
1871 3174 1884 3195 ⁶
1915 3177 1969 3214 si-

376 3237 470 3274 mul
493 3239 536 3275 et
561 3237 617 3276 M.
746 3240 760 3260 ⁹
790 3240 834 3277 et
856 3239 1024 3278 discere
1047 3240 1104 3280 M.
1221 3239 1252 3262 ¹0
1284 3240 1378 3278 sint
1400 3240 1458 3280 M.
1578 3241 1604 3263 1¹
1636 3243 1808 3280 exortes
1829 3241 1886 3280 H.
1911 3242 1969 3283 M.

2008 1962 2035 1999 f.
2058 1975 2106 2011 94
2123 1975 2160 2001 a.
