2240 3444
370 104 478 156 336
821 103 1089 158 Historia
1123 102 1516 157 Ecclesiastica
1783 110 1895 164 [Lm.
1918 113 1970 154 V.

370 256 559 314 tempus
571 252 804 314 paschale
822 253 982 314 primo
1005 266 1166 302 mense
1191 252 1314 300 anni
1339 255 1383 300 66
1408 251 1552 300 tertia
1576 251 1681 299 eius
1705 250 1974 299 ebdomada

370 337 708 385 celebrandum
743 350 842 384 esse
875 336 1101 386 diximus.
1183 336 1429 384 Ueraciter
1461 334 1593 382 enim
1628 334 1771 382 tertia
1806 334 1975 395 ayitur

370 421 647 481 ebdomada,
696 421 822 481 quod
862 435 894 469 a
943 435 1148 482 uespera
1187 420 1419 468 XHHa‘
1461 419 1558 466 diei
1599 418 1783 479 incipit,
1831 420 1877 465 et
1916 418 1973 465 in

369 519 572 564 uespera
593 504 776 552 XXIa³
801 504 1062 565 conpletur.

445 588 456 610 ‘
474 588 740 648 Postquam
754 602 866 635 uero
871 587 1059 648 pascha
1077 584 1324 635 nostrum¹
1345 586 1626 634 immolatus
1643 587 1711 633 636
1732 580 1966 644 Christus,
2003 607 2017 630 1
2039 595 2127 632 Gor.
2146 606 2182 632 v.

371 672 590 732 diemque
624 672 765 719 nobis
801 671 1109 731 dominicam,
1151 684 1273 731 966666
1313 669 1448 731 apud
1489 670 1719 728 antiquos
1752 682 1857 716 una
1892 669 1974 716 uel
1999 656 2029 691 ⁷·

360 756 533 817 prima
555 756 745 804 sabbati
769 755 875 803 siue
898 756 1207 804 sabbatorum
1230 757 1446 814 uocatur,
1475 753 1658 814 gyaudio
1678 766 1797 799 suae
1819 766 1973 800 resur-

369 839 596 888 rectionis
604 839 726 899 fecit
742 835 758 860 2
784 853 880 887 esse
903 838 1209 896 sollemnem‚·
1248 838 1320 885 ita
1337 837 1464 885 lianc
1488 835 1750 897 apostolica
1775 835 1972 884 traditio

355 922 503 981 festis
537 922 848 982 paschalibus
888 923 1110 980 inseruit,
1147 925 1206 969 ut
1241 921 1315 968 nil
1348 919 1637 969 omnimodis
1674 918 1730 966 de
1763 921 1973 980 tempore

360 1005 567 1066 paschae
610 1005 777 1065 leqalis
806 1005 1278 1067 praeoccupandum,
1320 1004 1447 1052 niliil
1482 1002 1807 1051 minuendum
1839 998 1844 1055 Ι
1876 1017 1974 1051 6336
1998 1016 2026 1053 f.
2050 1028 2113 1053 120
2129 1028 2163 1053 a.

371 1089 654 1138 decerneret.
733 1089 864 1151 Quin
898 1091 1070 1150 potius
1116 1091 1303 1151 statuit,
1358 1093 1415 1138 ut
1455 1091 1786 1150 expectaretur
1833 1089 1974 1136 iuxta

357 1179 673 1235 praeceptum
711 1175 828 1236 leyis
863 1175 992 1223 idem
1018 1176 1218 1236 primus
1253 1176 1376 1223 anni
1410 1175 1603 1235 mensis,
1643 1176 1977 1234 expectaretur

369 1257 582 1305 XIIIF
627 1258 726 1305 dies
772 1258 921 1318 illius⁷
975 1261 1304 1318 expectaretur
1348 1256 1552 1318 uespera
1599 1256 1824 1304 eiusdem.
1900 1255 1974 1303 Et

368 1356 480 1389 cum
505 1341 622 1389 166666
647 1341 750 1389 dies
773 1343 826 1389 in
855 1341 1112 1390 sabbatum
1135 1341 1268 1401 forte
1300 1341 1531 1389 inciderit
1549 1339 1578 1401 3,
1613 1341 1792 1388 tolleret
1823 1354 1973 1388 unus-

368 1425 571 1484 quisque
601 1439 784 1485 6696666666
811 1439 908 1485 per
920 1424 1152 1485 familias
1185 1428 1230 1473 66
1259 1425 1431 1473 domus
1463 1439 1592 1484 366663,
1630 1427 1675 1472 66
1702 1424 1974 1472 immolaret

367 1522 477 1555 eum
519 1508 584 1556 acl
636 1522 901 1568 uesperam⁷
948 1508 1003 1555 id
1040 1511 1111 1556 est
1146 1511 1508 1569 praepararent
1546 1522 1710 1556 omnes
1751 1507 1974 1555 ecclesiae

357 1605 451 1651 per
467 1592 638 1651 orbem,
664 1606 784 1652 966666
801 1607 957 1640 666666666
974 1591 1256 1640 catholicam
1265 1591 1482 1652 faciunt,
1494 1606 1679 1651 panem
1698 1594 1742 1638 et
1759 1591 1938 1638 uinum
1956 1589 1973 1614 4

365 1677 419 1722 in
455 1677 736 1735 mysterium
752 1673 769 1699 5
812 1676 976 1724 carnis
1012 1678 1057 1723 et
1094 1675 1351 1736 sanquinis
1392 1676 1513 1736 669666
1553 1674 1855 1734 inmaculati,
1887 1674 1972 1734 qui
2001 1682 2052 1719 cf.
2073 1681 2167 1719 Joh.
2187 1682 2208 1718 i.

367 1756 571 1803 abstulit
584 1759 785 1816 peecata
812 1755 1022 1813 mundi;
1066 1758 1110 1803 et
1122 1755 1438 1815 praecedente
1469 1769 1684 1817 6066966666
1714 1755 1970 1803 lectionum
2000 1734 2207 1831 {0391Pet

366 1839 651 1886 orationum
667 1838 694 1898 ⁶,
722 1840 1130 1887 caerimoniarum
1142 1839 1456 1898 paschalium
1478 1839 1813 1900 sollemnitate,
1837 1838 1973 1898 offer-

365 1922 502 1970 rent⁷
551 1923 666 1970 166666
706 1923 918 1970 Domino
957 1923 1013 1970 in
1060 1937 1193 1983 spem
1229 1921 1443 1981 futurae
1483 1936 1601 1971 suae
1648 1923 1966 1971 redemtionis.

366 2005 490 2065 Ipsa
509 2009 578 2053 est
595 2007 724 2053 enim
747 2007 912 2054 eadem
928 2021 1034 2067 nox,
1061 2006 1117 2053 in
1135 2020 1234 2066 96666
1258 2006 1316 2054 de
1333 2004 1559 2067 Aegypto
1574 2020 1670 2067 per
1685 2007 1973 2067 sanquinem

369 2091 489 2149 669666
511 2090 791 2137 Israelitica
805 2090 947 2151 plebs
965 2093 1126 2150 erepta
1151 2093 1253 2149 636;
1290 2090 1411 2150 ipsa,
1438 2090 1493 2138 in
1517 2105 1616 2150 96666
1630 2104 1725 2150 per
1742 2104 1974 2139 resurrec-

370 2173 548 2221 tionem
588 2173 772 2221 C‘leristi
820 2173 1049 2222 liberatus
1096 2172 1198 2221 6368
1246 2188 1278 2221 66
1323 2175 1473 2221 morte
1522 2177 1723 2221 aeterna
1756 2175 1975 2235 populus

368 2257 524 2304 omnis
582 2257 690 2305 Dei.
765 2256 920 2304 Mane
979 2259 1142 2304 autem
1200 2256 1517 2305 inlucescente
1577 2257 1652 2305 die
1710 2257 1966 2317 dominica,

358 2340 581 2401 primam
606 2341 858 2401 paschalis
882 2340 1004 2400 festi
1041 2340 1168 2388 diem
1204 2340 1504 2388 celebrarent.
1580 2341 1704 2400 Ipsa
1740 2344 1809 2389 est
1841 2342 1973 2389 enim

371 2424 484 2483 dies,
510 2424 563 2471 in
578 2439 675 2484 96666
693 2423 1055 2472 resurrectionis
1073 2437 1191 2471 suae
1203 2424 1413 2484 yloriam
1430 2425 1677 2473 Dominus
1694 2425 1972 2486 multifario

359 2508 478 2567 piae
510 2508 825 2555 reuelationis
854 2507 1035 2568 yaudio
1075 2507 1327 2568 discipulis
1345 2507 1598 2568 patefecit.
1659 2509 1785 2570 Ipsa
1801 2511 1973 2569 prima

371 2591 472 2638 dies
519 2605 818 2652 azymorum,
868 2591 925 2638 de
972 2605 1070 2651 96666
1117 2591 1328 2638 multum
1375 2591 1596 2640 distincte
1647 2592 1704 2640 in
1749 2593 1971 2641 Leuitico

370 2676 603 2735 scriptum
628 2678 697 2723 est
716 2692 730 2722 :
774 2674 994 2723 “Mense
1011 2675 1190 2735 primo,
1219 2674 1434 2722 XIIII‘z
1461 2675 1536 2723 die
1566 2677 1747 2724 mensis
1775 2677 1842 2725 ad
1868 2691 1971 2725 ues-
2001 2687 2137 2746 Lepi.

359 2773 532 2818 peram
547 2758 701 2819 pliase
725 2758 930 2806 Domini
955 2761 1036 2818 est,
1068 2761 1113 2806 66
1143 2757 1198 2805 X
1207 2758 1269 2806 V‘z
1303 2758 1378 2806 die
1402 2759 1583 2807 mensis
1610 2760 1760 2808 liuius
1786 2760 1970 2809 sollem·
1999 2749 2112 2773 'mn'
2132 2747 2200 2783 5‘7

370 2842 502 2889 nitas
538 2857 824 2903 azymorum
855 2842 1060 2889 Domini
1097 2844 1180 2889 636.
1262 2841 1377 2889 VII
1413 2843 1579 2891 dicbus
1617 2858 1795 2905 azyma
1829 2858 1970 2893 606666-

371 2925 494 2973 detis
512 2923 540 2973 ⁹.
618 2926 740 2973 Dies
752 2926 950 2986 primus
974 2927 1066 2973 erit
1087 2925 1428 2986 celeberrimus,
1459 2926 1798 2987 sanctusque.”

424 3064 437 3087 ¹
468 3067 672 3104 uestrum
694 3063 754 3105 0¹.
906 3063 922 3086 ²
950 3063 1059 3105 facit
1079 3063 1155 3104 M1.
1320 3063 1335 3087 ³
1363 3067 1451 3104 -ret
1473 3065 1518 3105 O.
1682 3065 1696 3088 4
1727 3067 1886 3105 uiuum
1908 3065 1968 3107 M.

370 3134 385 3157 ⁵
413 3135 719 3173 ministerium
742 3134 790 3174 G.
813 3134 891 3184 H„
1019 3131 1035 3154 ⁶
1062 3136 1108 3173 et
1128 3146 1190 3174 or.
1214 3134 1261 3174 G.
1392 3132 1408 3156 ⁷
1437 3135 1625 3174 offerent
1647 3135 1706 3175 M.
1829 3136 1844 3160 8
1873 3137 1969 3187 ipsa

370 3202 418 3239 in
441 3232 450 3241 .
478 3233 487 3241 .
512 3232 519 3240 .
544 3203 610 3240 est
630 3215 704 3241 om.
727 3200 785 3240 Μι
810 3204 937 3240 added
956 3214 1005 3239 on
1026 3213 1145 3249 upper
1164 3203 1333 3249 marain.
1478 3201 1493 3224 ⁹
1522 3201 1649 3241 -ditis
1670 3201 1729 3241 Μ.
