2240 3444
73 1053 276 1091 Miracles.

64 2225 264 2269 Wynfrid

62 2277 267 2312 succeeds.

375 151 482 201 212
846 148 1112 202 Historia
1151 147 1543 201 Ecclesiastica
1779 153 1889 206 [Lm.
1910 154 1980 195 IV.

374 295 522 356 Quod
570 298 752 344 utrum
801 296 865 344 de
907 313 962 345 se
1001 314 1068 345 an
1111 297 1174 345 de
1217 296 1320 344 alio
1360 295 1534 358 aliquo
1579 293 1785 353 diceret,
1830 290 1982 338 nobis

371 381 552 427 manet
590 379 867 441 incertum,
917 381 1044 428 dum
1092 382 1273 428 tamen
1320 379 1433 440 hoc,
1489 377 1627 440 quod
1676 377 1861 424 tantus
1899 373 1983 421 uir

373 461 517 523 dixit,
552 462 673 525 quia
710 480 897 511 uerum
935 464 1017 525 sit,
1051 481 1162 512 esse
1199 481 1305 511 non
1343 462 1509 525 possit
1546 461 1822 508 incertum.

442 546 583 594 Obiit
610 549 788 594 autem
817 548 1021 596 Ceadda
1053 550 1199 596 sexto
1237 547 1321 595 die
1356 546 1629 594 Nonarum
1653 543 1974 600 Martiarum,

370 630 421 676 et
458 630 697 692 sepultus
735 633 814 679 est
851 631 1024 693 primo
1062 631 1274 693 quidem
1299 630 1447 678 iuxta
1474 627 1746 677 ecclesiam
1771 628 1979 674 sanctae

367 712 597 773 Mariae,
648 714 738 761 sed
787 716 1127 776 postmodum
1177 716 1476 762 constructa
1524 711 1721 760 ibidem
1769 709 1981 757 ecclesia

367 795 660 844 beatissimi
679 798 1036 859 apostolorum
1062 797 1314 860 principis
1340 796 1499 857 Petri,
1526 797 1582 843 in
1609 795 1828 843 eandem
1854 795 1979 841 sunt

369 878 480 927 eius
514 896 628 928 ossa
660 881 924 930 translata.
1004 882 1071 929 In
1099 899 1200 944 quo
1227 884 1449 943 utroque
1473 880 1599 940 loco,
1631 880 1694 927 ad
1720 877 1978 926 indicium

366 962 583 1011 uirtutis
602 963 760 1025 illius,
784 965 955 1013 solent
976 965 1151 1012 crebra
1173 965 1463 1013 sanitatum
1484 962 1734 1011 miracula
1760 962 1971 1024 operari.

367 1045 608 1108 Denique
658 1064 826 1110 nuper
873 1048 1156 1097 freneticus
1206 1049 1433 1111 quidam,
1479 1049 1608 1096 dum
1651 1063 1743 1108 per
1791 1047 1979 1093 cuncta

365 1131 585 1178 errando
623 1130 949 1192 discurreret,
995 1133 1210 1180 deuenit
1249 1132 1323 1180 ibi
1358 1148 1588 1194 uespere,
1621 1128 1977 1178 nescientibus

363 1212 474 1260 siue
511 1230 620 1260 non
657 1214 964 1263 curantibus
1001 1215 1102 1263 loci
1141 1216 1458 1275 custodibuS,
1492 1216 1542 1262 et
1572 1214 1646 1262 ibi
1679 1215 1790 1261 tota
1823 1214 1975 1260 nocte

363 1296 704 1359 requiescens,
746 1315 904 1346 mane
943 1300 1124 1347 sanato
1163 1316 1321 1347 sensu
1359 1315 1610 1362 egressus,
1658 1296 1976 1345 mirantibus

363 1382 414 1428 et
474 1381 824 1443 gaudentibus
880 1383 1094 1443 cunctis,
1151 1383 1276 1445 quid
1331 1383 1405 1431 ibi
1453 1381 1696 1430 sanitatis
1745 1379 1975 1429 Domino

361 1462 615 1526 largiente
664 1469 1079 1528 consequeretur,
1137 1466 1380 1514 ostendit.
1460 1466 1555 1514 Est
1605 1468 1781 1513 autem
1829 1465 1974 1513 locus

359 1546 501 1594 idem
546 1548 809 1610 sepulchri
852 1550 1035 1598 tumba
1082 1550 1253 1612 lignea
1298 1550 1352 1597 in
1397 1550 1615 1597 modum
1666 1549 1974 1597 domunculi

359 1630 494 1679 facta
520 1635 809 1694 coopertus,
848 1633 1075 1682 habente
1110 1634 1348 1682 foramen
1383 1634 1439 1682 in
1472 1634 1684 1696 pariete,
1716 1651 1809 1696 per
1834 1633 1972 1696 quod

361 1715 531 1763 solent
558 1716 625 1776 hi,
659 1717 749 1778 qui
775 1734 928 1765 causa
955 1718 1252 1766 deuotionis
1283 1719 1376 1766 illo
1409 1717 1716 1779 adueniunt,
1749 1734 1971 1765 manum

359 1814 511 1846 suam
549 1799 834 1861 inmittere,
880 1818 936 1849 ac
975 1804 1179 1864 partem
1221 1802 1457 1865 pulueris
1494 1802 1617 1850 inde
1658 1802 1968 1862 adsumere;

359 1898 517 1944 quam
544 1899 663 1930 cum
688 1883 744 1931 in
771 1901 931 1946 aquas
957 1885 1200 1933 miserint
1219 1884 1246 1945 ¹,
1272 1888 1428 1948 atque
1455 1886 1548 1933 has
1573 1885 1969 1934 infirmantibus

356 1965 611 2014 iumentis
661 1967 772 2016 siue
821 1968 1131 2017 hominibus
1173 1970 1459 2032 gustandas
1508 1970 1749 2018 dederint
1767 1971 1796 2030 ²,
1846 1986 1969 2018 mox

355 2047 685 2098 infirmitatis
722 2051 925 2100 ablata3
953 2052 1204 2114 molestia,
1238 2054 1440 2116 cupitae
1476 2053 1742 2116 sospitatis
1780 2053 1969 2116 gaudia

355 2131 616 2181 redibunt.

425 2215 493 2262 In
543 2216 690 2264 cuius
738 2217 913 2266 locum
963 2219 1226 2267 ordinauit
1272 2220 1576 2268 Theodorus
1619 2220 1959 2282 Uynfridum,

356 2298 533 2347 uirum
567 2300 768 2348 bonum
807 2318 864 2349 ac
903 2302 1217 2364 modestum,
1261 2303 1364 2365 qui,
1408 2303 1541 2351 sicut
1578 2304 1964 2365 prodecessores

355 2382 480 2443 eius,
527 2383 815 2445 prouinciis
859 2386 1171 2434 Merciorum
1221 2389 1273 2434 et
1312 2387 1814 2435 Mediterraneorum
1857 2388 1965 2435 An-

353 2465 561 2528 glorum
588 2469 639 2515 et
666 2467 1090 2517 Lindisfarorum
1117 2470 1447 2532 episcopatus
1474 2470 1639 2519 officio
1673 2473 1961 2533 praeesset;

354 2549 411 2597 in
466 2550 656 2612 quibus
707 2552 910 2600 cunctis
959 2553 1209 2601 Uulfheri
1229 2554 1259 2614 ⁴,
1315 2554 1404 2616 qui
1458 2555 1627 2602 adhuc
1677 2557 1956 2617 supererat,

352 2635 653 2696 sceptrumf·
703 2635 850 2698 regni
899 2636 1122 2684 tenebat.
1215 2637 1343 2685 Erat
1391 2640 1569 2685 autem
1619 2638 1849 2701 Uynfrid
1899 2638 1961 2686 de

354 2715 488 2763 clero
527 2717 651 2776 eius,
703 2717 786 2764 cui
826 2717 937 2780 ipse
981 2721 1309 2779 successerat,
1354 2719 1609 2768 antistitis
1629 2723 1656 2781 ⁸,
1707 2723 1757 2767 et
1802 2720 1964 2768 diaco·

351 2801 506 2847 natus
533 2799 698 2848 officio
725 2800 821 2848 sub
849 2818 908 2848 eo
934 2819 1040 2849 non
1066 2818 1229 2864 pauco
1256 2804 1491 2864 tempore
1516 2803 1847 2865 fungebatur.

418 2945 431 2968 ¹
461 2949 589 2985 -runt
612 2947 659 2987 C.
875 2946 888 2968 ²
917 2951 1045 2987 -runt
1069 2949 1100 2987 C
1121 2961 1130 2997 3
1162 2948 1385 2999 dedirent,
1410 2953 1549 2988 altered
1571 2954 1648 2988 into
1670 2951 1873 2990 dedirint
1897 2951 1955 2990 M.

350 3012 364 3034 ³
397 3013 544 3051 oblata
566 3012 629 3053 Οἱ.
651 3012 718 3053 Β’.
816 3013 830 3036 ⁴
860 3028 924 3053 -re
947 3015 1000 3053 132
1021 3028 1031 3064 ;
1062 3015 1229 3053 uulferi
1252 3016 1305 3055 N.
1419 3015 1433 3037 ⁵
1464 3019 1639 3067 septum
1663 3018 1722 3057 M.
1836 3016 1850 3037 ⁶
1879 3032 1955 3058 an-

350 3081 475 3120 tistis
496 3080 548 3120 B.
