2240 3444
257 135 354 173 CAP.
380 130 533 182 XXV.]
760 123 950 177 Gentis
990 127 1035 176 A
1054 128 1326 194 afflat-um.
1729 139 1822 187 1⁸7

253 267 506 326 laudatus,
551 266 653 329 legi
693 267 774 314 uel
825 270 1089 331 euangelio
1138 274 1386 320 omiti-aria
1435 278 1611 336 sapuit,
1666 281 1748 339 qui
1799 301 1823 327 ιι

253 349 451 396 XIIII*
489 365 650 411 usque
685 350 748 397 ad
775 349 940 397 XX¹¹¹¹¹
979 353 1162 412 pascha
1200 355 1554 404 uflcbrandmn
1593 361 1781 421 scripsit
1804 373 1827 409 ’ἐ

254 431 520 493 Numquid
545 433 1020 480 reuerentissimum
1046 437 1241 495 patri-m
1269 441 1501 485 nostrum
1528 442 1825 490 Columlmm

254 516 304 562 et
329 530 640 562 successores
666 514 774 561 eius
800 515 937 562 uiros
971 517 1079 563 Dco
1114 518 1333 577 dilectos,
1366 521 1451 579 qni
1478 522 1650 568 emh-111
1682 526 1829 569 unuh.

253 596 440 658 pascha
465 595 712 656 fecerunt,
745 597 932 644 diuinis
956 599 1156 659 paginis
1193 602 1441 648 contraria
1466 602 1471 622 ¹
1501 604 1722 663 sal›11iss‹=
1752 607 1827 651 ιιι-1

254 678 414 740 egisse
455 678 771 726 credendum
813 681 936 727 est'?
1006 696 1123 727 cum
1167 681 1375 742 plurimi
1419 684 1605 730 fuerint
1650 686 1698 731 in
1743 687 1824 735 vis,

255 777 476 822 quorum
524 760 783 808 sanctitati
831 762 1065 809 caelestia
1112 763 1267 824 signa,
1317 767 1367 811 et
1411 765 1659 812 uirtutum
1706 784 1830 827 quac

252 842 486 890 fecerunt
510 842 756 890 miracula
780 844 1138 890 testimonium
1163 845 1503 906 praebuerunt
1530 866 1540 906 ;
1578 865 1702 908 quos
1729 849 1831 909 ips«-

253 927 457 972 sanctos
481 941 589 972 esse
614 941 721 972 non
741 925 995 985 dubitans,
1021 942 1222 987 semper
1246 944 1424 974 eorum
1451 929 1622 987 uitam,
1647 946 1825 978 moros.

255 1009 303 1055 et
330 1007 654 1069 disciplinam
679 1007 825 1069 sequi
848 1024 956 1055 non
981 1008 1203 1057 desisto.’

321 1091 395 1138 At
421 1088 707 1138 Uilfridus2
731 1108 742 1137 z
786 1090 1061 1151 ‘Constat,’
1086 1091 1268 1153 inquit,
1305 1093 1636 1140 ‘Anatolium
1664 1095 1829 1140 uirum
1864 1106 2042 1163 Rg'plfvfa

254 1171 649 1232 sanctissimum,
672 1172 1042 1233 doctissimum,
1064 1190 1119 1220 ac
1139 1173 1289 1221 laude
1315 1190 1423 1221 esse
1443 1175 1797 1237 dignissimum
1822 1195 1832 1235 ;
1863 1156 1900 1188 u
1918 1155 2036 1192 ΜΝ·

254 1254 342 1301 sed
368 1254 490 1316 quid
517 1254 663 1302 uobis
688 1271 805 1302 cum
830 1255 932 1316 illo,
964 1272 1081 1303 cum
1107 1272 1201 1302 nec
1226 1256 1332 1303 eius
1357 1257 1555 1305 decreta
1579 1259 1789 1305 scructis
1809 1261 1833 1306 ⁵?

255 1336 356 1384 Ille
409 1337 550 1384 enim
609 1337 663 1384 in
722 1338 909 1399 pascha
967 1354 1060 1385 suo
1106 1338 1336 1400 regulam
1384 1340 1558 1401 utique
1607 1341 1834 1388 ueritatis

255 1435 489 1481 sequens,
521 1420 770 1467 circulum
798 1420 849 1467 X
884 1422 935 1468 et
959 1420 1132 1468 VIIII
1168 1437 1424 1468 annorum
1460 1422 1639 1482 posuit,
1680 1439 1831 1483 quem

254 1518 347 1550 uos
370 1505 460 1550 aut
483 1502 742 1565 ignoratis,
763 1504 852 1550 aut
875 1503 1111 1564 agnitum
1131 1505 1180 1550 et
1203 1520 1232 1550 a
1256 1505 1363 1551 tota
1379 1506 1393 1525 ³²
1420 1504 1607 1552 Christi
1626 1505 1831 1552 ecclesia

254 1585 569 1633 custoditum
604 1602 697 1647 pro
729 1585 894 1633 nihilo
930 1586 1272 1634 contemnitis.
1347 1585 1446 1633 Ille
1477 1587 1545 1633 sic
1570 1587 1621 1633 in
1647 1586 1833 1647 pascha

255 1667 512 1716 dominico
549 1668 789 1715 XIIIIam
824 1669 1006 1716 lunam
1043 1668 1355 1730 conputauit,
1396 1671 1454 1716 ut
1489 1669 1619 1716 hanc
1656 1669 1831 1715 eadem

253 1750 363 1812 ipsa
388 1751 469 1798 die
494 1768 638 1798 more
661 1751 1037 1813 Aegyptiorum
1064 1751 1227 1799 XV'dm
1252 1751 1431 1798 lunam
1467 1751 1529 1798 ad
1568 1767 1831 1812 uesperam

254 1849 363 1880 esse
394 1833 655 1882 fateretur.
731 1834 814 1882 Sic
849 1835 975 1882 item
1011 1834 1180 1882 ΧΧΜΠ
1217 1834 1296 1882 die
1333 1834 1585 1881 dominico
1621 1833 1834 1894 paschae

252 1916 535 1978 adnotauit,
580 1919 639 1965 ut
680 1917 814 1965 hanc
858 1918 1109 1966 declinata
1150 1918 1328 1965 eadem
1371 1917 1450 1965 die
1493 1932 1600 1964 esse
1639 1915 1832 1963 XXI³¹³¹¹

255 1999 496 2048 crederet.
574 2000 732 2049 Cuius
779 2001 1011 2064 regulam
1059 1999 1401 2048 distinctionis
1443 2015 1534 2045 uos
1581 1999 1836 2059 ignorasse

254 2081 451 2143 probat,
505 2083 641 2144 quod
700 2083 968 2145 aliquoties
1026 2083 1213 2144 pascha
1258 2081 1671 2130 manifestissime
1717 2083 1836 2126 ante

254 2163 618 2225 plenilunium,
658 2166 710 2214 id
749 2168 826 2214 est
861 2166 916 2213 in
954 2165 1121 2213 XIHa
1158 2165 1295 2224 luna,
1337 2163 1511 2211 facitis.
1584 2163 1658 2210 De
1694 2164 1836 2223 patre

254 2249 430 2295 autem
477 2250 650 2296 uestro
700 2248 954 2297 Columba
1001 2250 1050 2295 et
1097 2247 1396 2310 sequacibus
1443 2246 1562 2303 cius,
1616 2260 1833 2305 quorum

254 2330 579 2378 sanctitatem
604 2347 698 2379 uos
723 2331 926 2391 imitari,
959 2332 1009 2378 et
1034 2330 1265 2393 regulam
1289 2345 1345 2376 ac
1370 2330 1634 2389 praccepta
1659 2325 1834 2372 caeles-

253 2412 394 2461 tibus
453 2413 614 2476 signis
673 2414 978 2462 confirmata
1038 2412 1181 2474 sequi
1240 2410 1530 2473 perhibetis,
1597 2424 1794 2469 possem
1819 2411 1830 2430 ⁴

14 2501 219 2559 eit-Matth.
252 2496 562 2557 respondere
587 2515 598 2556 ;
637 2497 754 2558 quia
779 2496 961 2544 multis
984 2495 1039 2543 in
1066 2494 1248 2542 iudicio
1274 2492 1557 2540 dicentibus
1593 2490 1824 2537 Domino.

14 2562 220 2596 v¹¹’²²’²3'
255 2579 391 2639 quod
439 2579 494 2626 in
541 2579 754 2627 nomine
802 2579 911 2626 eius
950 2575 1416 2640 p1·0phetaue'rint²'',
1470 2575 1520 2620 et
1568 2571 1827 2618 damnonia

255 2661 496 2709 eiecerint
512 2663 540 2722 ὃ,
571 2664 622 2710 et
659 2663 882 2710 uirtutes
917 2661 1108 2708 multas
1143 2658 1366 2715 fecerint,
1398 2670 1729 2715 responsurus
1765 2652 1826 2698 sit

254 2743 526 2805 Dominus,
567 2745 684 2806 quia
720 2759 1009 2806 numquam
1046 2758 1130 2789 eos
1166 2739 1378 2788 nouerit.
1454 2736 1551 2784 Sed
1588 2734 1729 2791 absit,
1774 2736 1825 2779 ut

255 2826 351 2874 hoc
386 2827 448 2874 de
481 2827 714 2888 patribus
754 2826 939 2874 uestris
973 2825 1152 2882 dicam,
1183 2822 1300 2884 quia
1336 2819 1517 2866 iustius
1555 2816 1718 2863 multo
1753 2817 1825 2860 est

253 2908 316 2956 de
351 2909 627 2971 incognitis
658 2909 857 2957 bonum
893 2908 1094 2956 credere
1129 2921 1281 2967 quam
1318 2902 1527 2949 malum.
1606 2897 1755 2945 Unda¹
1780 2900 1825 2942 et

254 2991 373 3039 illos
410 2992 506 3039 Dei
544 2991 766 3039 famulos
803 3007 859 3039 ac
899 2990 1005 3037 Deo
1045 2988 1253 3036 dilectos
1285 3001 1392 3032 esso
1430 2999 1534 3029 non
1569 2998 1709 3041 nego,
1741 2978 1826 3039 qni

306 3113 320 3134 ¹
350 3117 505 3154 contra
525 3115 577 3154 B.
757 3113 772 3135 ²
801 3114 914 3152 uuil-
930 3114 976 3153 C.
1159 3109 1173 3132 ³
1202 3110 1294 3147 toto
1314 3107 1370 3145 M.
1562 3103 1573 3123 ⁴
1605 3102 1765 3152 possim
1782 3101 1828 3139 C.

254 3180 268 3203 ⁵
297 3183 424 3220 -runt
442 3181 493 3231 N,
510 3185 592 3220 (md
611 3194 650 3219 so
670 3182 933 3228 thesollowinq
953 3182 1069 3217 verbs.
1218 3174 1233 3197 θ
1263 3172 1446 3211 iecerint
1469 3170 1509 3208 M
1533 3182 1542 3216 ;
1571 3168 1751 3207 cicermt
1778 3166 1827 3204 B.
