2240 3444
28 2810 114 2858 f·29
130 2823 165 2848 a.

273 180 367 220 CAP.
394 177 465 229 11.]
779 170 970 223 Gentis
1009 172 1349 240 Ανιῃῖονηιοη.
1789 174 1856 224 83

272 312 421 359 uobis
446 316 759 375 portandum
786 317 996 376 offerat3
1034 316 1114 364 sin
1145 319 1318 364 autem
1358 316 1560 364 inmitis
1596 334 1651 364 ac
1689 334 1859 378 super-

269 394 366 441 bus
392 398 481 456 est,
514 399 728 457 constat,
761 398 880 459 quia
903 416 1009 446 non
1036 402 1111 447 est
1138 400 1200 447 de
1225 400 1348 458 Deo,
1380 416 1547 460 neque
1573 399 1723 446 nobis
1750 400 1858 446 eius

271 492 437 525 serino
476 481 763 528 curandus.'
838 482 937 542 Qui
967 499 1145 529 rursus
1169 482 1408 530 aiebant:
1459 482 1552 528 ‘Et
1594 482 1731 528 unde
1774 482 1857 528 uel

270 558 366 607 hoc
394 561 657 609 dinoscere
682 563 979 612 ualemus?
1058 566 1067 587 ί
1089 565 1402 624 Procurate,'
1419 563 1605 626 inquit,
1643 564 1727 610 ‘ut
1752 563 1860 625 ipse

270 642 408 703 prior
441 660 559 692 cum
598 645 703 692 suis
737 646 798 693 ad
836 647 1008 694 locum
1045 647 1230 709 synodi
1259 646 1514 706 adueniat,
1546 648 1608 706 et,
1640 646 1683 692 si
1714 646 1861 693 uobis

270 725 806 788 adpropinquantibus
834 730 1191 790 adsurrexerit,
1223 729 1454 789 scientes,
1487 728 1605 791 quia
1631 727 1859 775 famulus

270 807 464 855 Christi
502 811 591 869 est,
641 810 1060 873 obtemperanter
1098 812 1251 859 illum
1298 811 1507 871 audite3
1563 811 1644 858 sin
1686 812 1859 857 autem

268 906 362 937 uos
387 893 650 953 spreuerit,
681 910 774 940 nec
801 910 973 942 coram
998 894 1147 942 uobis
1176 895 1448 956 adsurgere
1473 893 1711 954 uoluerit,
1737 909 1857 940 cum

269 972 380 1020 sitis
404 991 621 1023 numero
645 977 832 1038 plures,
866 978 917 1024 et
941 977 1050 1039 ipse
1075 979 1346 1039 spernatur
1371 994 1399 1024 a
1425 976 1609 1024 uobis.’

337 1055 603 1119 Fecerunt,
626 1062 685 1107 ut
711 1060 920 1108 dixerat.
984 1061 1303 1122 Factumque
1329 1061 1418 1120 est,
1445 1061 1503 1106 ut
1530 1057 1860 1106 uenientibus

267 1136 375 1186 illis
411 1142 612 1189 sederet
642 1143 973 1205 Augustinus
1010 1143 1066 1190 in
1104 1143 1244 1191 sella.
1322 1142 1469 1203 Quod
1505 1141 1585 1188 illi
1621 1140 1860 1188 uidentes

267 1237 390 1268 111οΧ
413 1222 469 1270 111
494 1223 626 1271 iram
648 1225 885 1272 conuersi
907 1227 1045 1285 sunt,
1069 1243 1292 1287 eumque
1312 1227 1555 1272 notantes
1574 1223 1854 1285 superbiae,

270 1305 483 1366 cunctis,
525 1324 653 1368 quae
691 1308 903 1367 dicebat,
936 1308 1286 1356 contradicere
1322 1307 1642 1355 laborabant.
1718 1305 1860 1352 Dice-

269 1386 357 1434 bat
398 1392 574 1437 autem
616 1391 689 1438 eis
731 1391 850 1453 quia
898 1391 980 1439 ‘in
1023 1391 1206 1439 multis
1248 1391 1457 1452 quidem
1501 1392 1707 1437 nostrae
1750 1405 1862 1435 con·

271 1472 548 1533 suetudini,
579 1473 742 1521 immo
768 1474 1076 1521 uniuersalis
1102 1473 1343 1521 ecclesiae
1369 1472 1625 1521 contraria
1649 1471 1828 1533 geritis
1850 1489 1861 1531 3

271 1555 321 1600 et
345 1555 523 1602 tamen
557 1556 601 1603 si
635 1556 690 1604 in
721 1557 889 1604 tribus
924 1557 1007 1604 his
1043 1556 1174 1604 mihi
1206 1556 1561 1617 obtemperare
1595 1554 1770 1614 uultis,
1803 1555 1862 1601 ut

269 1639 458 1697 pascha
491 1655 585 1686 suo
618 1641 851 1701 tempore
886 1639 1184 1699 celebretis,
1222 1641 1280 1686 ut
1316 1638 1668 1685 ministerium
1703 1636 1864 1698 bapti·

268 1722 433 1782 zandi,
489 1739 589 1783 quo
639 1723 747 1769 Deo
806 1721 1137 1782 renascimur,
1192 1721 1334 1769 iuxta
1394 1737 1595 1767 morem
1656 1721 1862 1766 sanctae

266 1805 530 1852 Romanae
556 1807 607 1852 et
641 1804 948 1866 apostolicae
975 1803 1214 1852 ecclesiae
1247 1802 1563 1865 conpleatis3
1601 1803 1659 1850 ut
1685 1800 1859 1864 genti¹

266 1888 563 1950 Anglorum
590 1904 694 1935 una
726 1887 998 1934 nobiscum
1031 1887 1252 1934 uerbum
1278 1886 1494 1934 Domini
1524 1884 1828 1948 praedicetis
1850 1901 1861 1944 3

268 1973 448 2029 cetera,
481 1987 610 2032 quae
642 1969 807 2032 agitis,
840 1969 1081 2032 quamuis
1105 1970 1341 2016 moribus
1366 1968 1561 2016 nostris
1587 1967 1856 2028 contraria,

266 2053 644 2114 aequanimiter
677 2055 861 2100 cuncta
892 2052 1232 2100 tolerabimus
1248 2050 1296 2100 2⁸>
1362 2052 1436 2099 At
1460 2051 1540 2098 illi
1573 2051 1649 2098 nil
1674 2051 1863 2098 horum

269 2152 323 2184 se
360 2136 598 2197 facturos,
640 2152 808 2198 neque
845 2135 998 2182 illum
1036 2152 1128 2196 pro
1165 2134 1548 2196 archiepiscopo
1593 2133 1862 2181 habituros

270 2235 380 2266 esse
416 2219 799 2280 respondebant
821 2236 831 2278 ;
876 2217 1202 2265 conferentes
1237 2218 1300 2264 ad
1342 2216 1587 2277 inuicem,
1631 2216 1750 2278 quia
1790 2215 1862 2262 ‘si

267 2302 422 2349 modo
449 2301 599 2349 nobis
624 2301 897 2362 adsurgere
923 2300 1107 2359 noluit,
1140 2302 1331 2362 quanto
1357 2299 1536 2362 inagis,
1568 2299 1612 2346 si
1638 2299 1685 2345 ei
1710 2298 1862 2346 subdi

269 2384 600 2447 coeperimus,
631 2383 737 2431 iam
762 2400 856 2431 nos
881 2401 973 2445 pro
999 2383 1164 2430 nihilo
1192 2383 1522 2430 contemnet.’

338 2467 538 2527 Quibus
561 2466 644 2514 uir
663 2466 880 2514 Domini
902 2466 1233 2529 Augustinus
1258 2466 1423 2513 fertur
1448 2464 1701 2512 minitans
1725 2479 1861 2524 prae-

269 2549 471 2610 dixisse,
505 2549 638 2611 quia,
670 2549 714 2596 si
748 2565 926 2610 pacem
951 2566 1069 2596 cum
1101 2549 1346 2597 fratribus
1378 2548 1605 2610 accipere
1636 2547 1853 2605 nollent,

268 2632 470 2679 bellum
512 2632 576 2679 ab
623 2631 860 2679 hostibus
902 2631 1073 2679 forent
1121 2631 1378 2693 accepturi
1400 2649 1411 2691 ;
1462 2632 1526 2691 et,
1570 2630 1614 2678 si
1658 2628 1860 2676 nationi

268 2715 564 2777 Anglorum
589 2713 880 2762 noluissent
904 2713 1045 2761 uiam
1072 2714 1210 2761 uitae
1234 2714 1533 2775 praedicare,
1556 2729 1648 2774 per
1673 2712 1861 2758 horum

270 2813 459 2844 manus
483 2796 742 2844 ultionem
770 2798 943 2844 essent
968 2796 1154 2843 mortis
1178 2796 1393 2857 passuri.
1460 2796 1606 2855 Quod
1632 2795 1703 2842 ita
1736 2791 1740 2857 Ι
1773 2809 1863 2855 per

271 2878 459 2939 omnia,
490 2880 550 2926 ut
580 2879 917 2940 praedixerat,
949 2878 1129 2927 diuino
1162 2880 1346 2941 agente
1378 2877 1565 2925 iudicio
1597 2878 1861 2938 patratum

272 2963 363 3009 est.

341 3042 610 3106 Siquidem
633 3045 751 3105 post
775 3043 899 3090 haec
924 3042 1047 3105 ipse,
1070 3043 1133 3091 de
1159 3059 1260 3105 quo
1287 3041 1528 3102 diximus,
1554 3057 1642 3088 rex
1667 3040 1862 3102 Anglo-

622 3233 635 3255 ¹
663 3235 872 3284 gentibus
895 3235 938 3275 G.
965 3236 1016 3274 D.
1131 3234 1146 3256 ²
1174 3236 1416 3275 toleramus
1437 3234 1505 3275 13¹.

1003 3318 1035 3350 G
1064 3318 1087 3348 2

1891 1310 2049 1354 Augus-

1889 1360 2010 1395 tine’s
2021 1362 2149 1395 ternis

1890 1410 2063 1446 refused.

1891 2476 2061 2519 Alleged

1890 2525 2097 2568 prophecy

1890 2574 1936 2608 of
1949 2575 2108 2619 Augus—

1890 2624 1990 2660 tine.

1890 3054 1951 3089 Its
1968 3053 2096 3089 fulffl-

1890 3107 2008 3139 ment
2021 3106 2066 3139 at
2077 3104 2149 3139 the

1891 3154 2030 3188 Battle
2049 3154 2095 3188 of

1892 3204 2070 3240 Chester.
