2240 3444
362 121 471 172 384
889 117 1156 173 Historia
1197 118 1491 172 Abbatum

359 253 532 314 iuyum
544 255 741 314 portare
770 252 1059 314 desiderant,
1099 253 1227 314 quod
1260 255 1302 301 te
1332 251 1510 301 nostris
1542 250 1834 311 temporibus
1865 252 1969 299 tam
1999 258 2050 317 of.
2064 258 2212 295 Matth.

358 335 633 396 9lorificum
673 336 916 384 electionis
960 350 1055 384 uas
1095 336 1321 397 reyimini
1361 336 1509 383 totius
1546 333 1798 381 aecclesiae
1835 345 1971 392 prae·
1998 321 2056 348 ²³¹·
2077 321 2205 357 ²9’3Q

354 419 503 479 ficere
539 417 773 479 diginata1
811 422 893 479 est,
935 419 1171 480 quatinus
1197 433 1293 479 per
1327 419 1426 475 hoc,
1470 432 1563 477 quo
1599 417 1699 477 ipse
1740 415 1968 477 impleris,

363 502 528 549 lumen
563 503 788 550 ueritatis
826 506 871 550 et
903 503 1038 563 fidei,
1085 503 1231 550 etiam
1277 502 1489 549 minores
1530 513 1738 560 quosque
1777 498 1975 559 affatim

362 586 530 633 iubare
554 599 671 633 suae
684 586 887 645 pietatis
911 588 1188 646 asperyeret.
1252 584 1657 634 Commendamus
1680 586 1845 632 autem
1864 585 1977 631 tuae

363 672 558 717 sanctae
584 669 883 730 beniynitati‚
915 669 1222 717 dilectissime
1245 669 1302 715 in
1329 668 1516 717 Christo
1531 670 1676 728 pater
1698 670 1742 715 et
1767 665 1972 725 domine,

363 753 664 800 uenerabiles
688 753 849 812 patris
880 752 1034 800 nostri
1065 751 1366 799 dilectissimi
1390 766 1548 811 canos,
1583 749 1813 810 Ceolfridi
1840 748 1977 796 uide-

368 836 476 884 licet
511 836 711 896 abbatis,
743 850 798 883 ac
833 835 1094 883 nutritoris
1129 835 1394 895 tutorisque
1429 837 1625 882 nostrae
1655 832 1893 894 spiritalis
1924 832 1979 880 in

367 920 638 968 monastica
672 920 824 979 quiete
861 920 1095 967 libertatis
1127 922 1172 966 et
1198 919 1357 978 pacis.
1431 919 1504 965 Et
1525 919 1749 978 primum
1786 916 1980 977 Quidem

366 1004 554 1065 yratias
583 1004 775 1064 aqimus
805 1007 1002 1051 sanctae
1035 1005 1079 1050 et
1107 1002 1405 1050 indiuiduae
1430 1002 1679 1062 Trinitati‚
1711 1001 1839 1062 quod
1861 1001 1974 1061 ipse,

375 1085 496 1150 {etsi
534 1102 633 1134 non
678 1087 785 1134 sine
821 1087 1032 1134 maoeimo
1073 1089 1236 1134 nostro
1276 1087 1445 1147 dolore,
1492 1087 1691 1147 yemitu,
1738 1086 1883 1145 luctu,
1926 1097 1983 1132 ac
2013 1088 2041 1125 f.
2066 1099 2107 1134 19
2125 1087 2162 1122 b·

361 1167 725 1232 prosecutione2
762 1170 1078 1217 lacrimarum
1115 1185 1146 1217 a
1181 1170 1322 1217 nobis
1358 1170 1514 1229 abiit‚·
1563 1170 1630 1218 ad
1664 1183 1782 1217 suae
1820 1172 1986 1217 tamen

373 1254 460 1302 diu
493 1253 786 1302 desideratae
818 1254 993 1313 quietis
1029 1254 1217 1315 yaudia
1252 1257 1424 1302 sancta
1448 1254 1710 1314 peruenit;
1754 1253 1874 1300 dum
1910 1267 1980 1312 ea,

371 1351 494 1397 quae
518 1337 743 1384 iuuenem
775 1351 824 1385 se
857 1337 1030 1397 adisse,
1061 1338 1266 1398 uidisse,
1293 1341 1434 1398 atque
1459 1338 1685 1385 adorasse
1709 1351 1896 1398 semper
1921 1350 1987 1384 re-

374 1421 577 1469 cordans
612 1421 871 1482 exultabat,
914 1422 1062 1470 etiam
1097 1422 1229 1470 senio
1265 1422 1482 1482 defessus
1521 1422 1768 1469 beatorum
1806 1424 1988 1481 aposto-

376 1505 533 1552 lorum
573 1505 773 1553 deuotus
812 1506 988 1553 limina
1034 1506 1237 1567 repetiit.
1311 1506 1385 1553 Et
1414 1509 1527 1565 post
1567 1505 1731 1566 lonyos
1773 1504 1989 1565 amplius

375 1588 704 1649 quadraginta
739 1605 984 1638 annorum
1020 1590 1202 1638 labores
1237 1604 1469 1650 curasque
1505 1590 1774 1650 continuas,
1813 1589 1990 1650 quibus

376 1673 682 1721 monasteriis
716 1674 939 1734 reyendis
973 1674 1164 1722 abbatis
1204 1674 1310 1722 iure
1334 1673 1575 1734 praefuit,
1623 1671 1992 1734 incomparabili

376 1756 578 1804 uirtutis
596 1756 611 1779 ³
673 1771 847 1818 amore,
890 1757 1035 1818 quasi
1069 1771 1224 1818 nuper
1271 1757 1338 1806 ad
1390 1757 1802 1806 conuersationem
1859 1757 1994 1806 uitae

378 1841 594 1889 caelestis
635 1841 827 1901 accitus,
880 1843 1058 1889 ultima
1106 1843 1354 1904 confectus
1401 1846 1570 1904 aetate,
1618 1846 1663 1891 et
1694 1857 1847 1904 prope
1887 1842 1992 1891 iam

378 1924 657 1985 moriturus,
710 1940 882 1973 rursus
929 1926 1101 1986 incipit
1143 1927 1453 1988 pereqrinari
1488 1942 1581 1988 pro
1643 1925 1845 1988 Christo,
1900 1941 1994 1988 quo

382 2008 577 2055 liberius
603 2008 771 2067 prisca
804 2009 1192 2057 sollicitudinimi
1231 2011 1527 2059 secularium
1563 2011 1764 2071 spineta,
1805 2011 1994 2059 camino

381 2091 596 2151 spiritali
620 2091 825 2150 feruens
861 2094 1239 2154 compunctionis
1280 2095 1413 2155 ionis
1454 2096 1693 2144 absumat.
1763 2093 1994 2143 Deinde¹1

383 2175 530 2222 etiam
564 2178 753 2223 uestrae
777 2177 1072 2236 paternitati
1103 2179 1443 2239 supplicamus,
1473 2182 1531 2227 ut
1561 2179 1688 2239 quod
1718 2194 1809 2227 nos
1829 2169 1994 2239 facere

382 2273 482 2305 non
528 2259 811 2319 meruimus,
860 2275 950 2308 uos
995 2275 1108 2321 crya
1154 2262 1294 2309 villum
1341 2263 1547 2311 ultimae
1581 2253 1788 2323 pietatis
1833 2263 1994 2311 seduli

384 2356 569 2390 munus
603 2343 827 2401 expleatis
844 2359 859 2402 ,·
898 2359 993 2404 pro
1029 2348 1150 2393 certo
1187 2347 1387 2394 scientes
1421 2347 1538 2406 quia
1575 2347 1664 2395 etsi
1697 2362 1786 2395 uos
1822 2361 1996 2408 corpus

386 2425 571 2473 habetis
616 2426 787 2487 ipsius,
839 2430 883 2474 et
930 2442 1018 2476 nos
1059 2431 1224 2476 tamen
1265 2433 1312 2478 et
1350 2445 1440 2478 uos
1476 2431 1582 2478 Deo
1625 2431 1854 2478 deuotum
1890 2431 1996 2479 eius

386 2509 624 2568 spiritum,
654 2510 758 2557 siue
783 2510 837 2557 in
873 2525 1061 2571 corpore
1096 2516 1385 2575 manentem,
1424 2513 1535 2562 seu5
1567 2515 1753 2564 carneis
1782 2515 1998 2563 uinculis

388 2593 675 2653 absolutum,
706 2608 943 2654 maynum
956 2610 1050 2654 pro
1074 2598 1255 2645 nostris
1287 2599 1551 2647 excessibus
1581 2599 1713 2660 apud
1737 2613 2000 2659 supernam

378 2676 608 2735 pictatem
636 2677 991 2727 intercessorem
1027 2679 1260 2730 habemus
1290 2685 1334 2730 et
1356 2685 1639 2742 patronum.
1717 2682 1787 2730 Et
1812 2684 1994 2742 cetera,

393 2774 522 2821 quae
538 2759 553 2783 ⁶
579 2760 826 2821 epistolae
851 2763 1124 2823 sequentia
1148 2762 1439 2813 continent.

99 2851 221 2896 Acca,
468 2857 544 2890 20.
586 2842 815 2892 Reuerso
870 2847 1046 2894 autem
1094 2847 1313 2895 domum
1368 2847 1742 2912 Hwetberegto
1760 2848 1792 2910 ⁷,
1849 2848 2002 2897 aduo-

100 2903 253 2946 Bishop
274 2902 320 2937 of
634 2925 643 2934 ·
1217 2930 1226 2939 .
1308 2930 1318 2939 .
1481 2931 1491 2941 .
1715 2931 1725 2941 .
1893 2930 1904 2941 .

99 2953 307 2999 Hexham,
340 2944 345 2949 ·
396 2927 540 2972 catur
564 2942 833 2990 eplscopus
851 2929 989 2977 Acca
1009 2946 1021 2990 ;
1060 2932 1112 2979 et
1131 2930 1286 2979 sohta
1304 2930 1460 2979 lllum
1476 2949 1533 2979 1n
1551 2931 1756 2981 abbans
1772 2931 2001 2980 officlum

451 3072 462 3094 ¹
494 3076 586 3113 -tus
608 3075 661 3115 D.
686 3076 734 3115 P.
756 3076 803 3116 C.
826 3077 878 3117 B.
902 3077 949 3117 F.
1062 3079 1077 3101 ²
1104 3092 1201 3129 ρει·-
1225 3080 1272 3121 C.
1368 3078 1383 3100 ³
1411 3083 1497 3121 -tes
1519 3082 1595 3131 HI.
1688 3080 1702 3103 ¹
1731 3082 1929 3133 denique
1950 3082 2001 3122 B.

394 3137 409 3160 ⁵
430 3139 525 3179 siue
548 3139 595 3180 C.
708 3143 723 3166 ⁶
743 3155 858 3193 quae
878 3158 952 3184 om.
969 3145 1021 3185 D.
1040 3145 1088 3186 P.
1107 3146 1161 3187 B.
1177 3146 1226 3186 F.
1356 3146 1371 3168 ⁷
1392 3147 1646 3188 hwetberto
1666 3149 1718 3189 D.
1735 3149 1786 3190 P.
1804 3149 1850 3190 C.
1869 3150 1922 3190 B.
1938 3149 1973 3189 F
1994 3162 2005 3198 3

395 3205 637 3247 withberto
658 3209 693 3248 δ.
