2240 3444
374 117 476 167 188
826 113 1096 168 Historia
1135 113 1527 167 Ecclesiastica
1655 133 1658 136 ⁴
1767 121 1875 174 [Lm.
1899 125 1973 166 111.

368 261 702 324 simplicitate
721 261 923 322 rustica,
947 261 1036 309 sed
1053 261 1347 310 intentione
1364 261 1447 323 pia
1467 261 1639 310 Deum
1659 260 1968 309 dilexerunt.

370 345 551 408 Neque
575 345 678 393 illis
702 345 937 393 multum
957 343 970 367 ¹
996 345 1174 393 obesse
1190 344 1205 368 '²
1231 361 1347 392 reor
1370 345 1530 393 talem
1556 344 1774 406 paschae
1800 343 1972 392 obser-

368 429 616 490 uantiam,
656 428 905 491 quamdiu
947 428 1127 476 nullus
1164 428 1461 488 aduenerat,
1504 427 1593 490 qui
1635 427 1706 475 eis
1747 427 1976 475 instituti

366 512 685 575 perfectioris
745 512 961 573 decreta,
1000 510 1006 574 1
1040 529 1170 574 quae
1229 513 1583 574 sequerentur,
1644 511 1974 572 ostenderet3
2005 521 2031 557 f.
2053 523 2151 557 66a.

367 612 497 658 quos
521 596 702 658 utique
731 595 896 657 credo,
929 596 1064 658 siqui
1103 598 1231 644 tunc
1266 596 1330 644 ad
1369 612 1456 643 eos
1494 594 1781 642 catholicus
1817 595 1977 643 calcu-

366 679 501 727 lator
549 679 831 741 adueniret,
886 679 992 727 sic3
1042 679 1151 727 eius
1209 678 1412 727 monita
1468 678 1630 727 fuisse
1691 680 1970 741 secuturos,

370 763 630 825 quomodo
656 779 726 822 ea,
759 779 888 824 quae
913 764 1171 810 nouerant
1195 779 1253 810 ac
1279 762 1578 823 didicerant,
1611 761 1707 810 Dei
1732 761 1978 810 mandata

368 845 659 907 probantur
704 845 865 893 fuisse
915 846 1091 895 secuti.
1169 846 1248 894 Tu
1296 847 1474 894 autem
1518 847 1570 893 et
1617 845 1743 893 socii
1788 845 1880 907 tui,
1935 846 1978 893 si

368 929 544 977 audita
598 929 800 977 decreta
859 929 996 977 sedis
1055 929 1377 992 apostolicae,
1444 929 1606 977 immo
1667 929 1978 977 uniuersalis

367 1012 620 1072 ecclesiae,
659 1014 710 1060 et
748 1012 873 1060 haec
911 1013 1101 1061 litteris
1143 1013 1299 1062 sacris
1336 1013 1643 1061 confirmata
1681 1013 1829 1075 sequi
1865 1030 1978 1061 con-

367 1095 618 1156 temnitis,
653 1095 847 1158 absque
886 1096 994 1144 ulla
1033 1097 1333 1145 dubietate*
1371 1097 1604 1160 peccatis
1682 1097 1798 1144 Etsi
1836 1097 1978 1144 enim

367 1182 539 1241 patres
564 1179 641 1227 tui
666 1180 832 1227 sancti
853 1179 1082 1241 fuerunt,
1113 1181 1371 1243 numquid
1396 1181 1691 1242 uniuersali,
1724 1197 1853 1243 quae
1886 1197 1977 1243 per

367 1263 547 1311 orbem
573 1265 666 1322 est,
707 1264 950 1312 ecclesiae
975 1264 1171 1313 Christi
1193 1281 1376 1313 eorum
1413 1267 1493 1313 est
1528 1265 1759 1328 paucitas
1783 1281 1889 1312 uno
1915 1265 1978 1313 de

366 1347 557 1408 angulo
583 1347 877 1396 extremae5
902 1348 1105 1396 insulae
1130 1348 1507 1410 praeferenda?
1579 1349 1649 1397 Et
1686 1349 1729 1396 si
1766 1351 1976 1397 sanctus

366 1433 490 1492 erat,
521 1447 578 1479 ac
614 1433 803 1493 potens
841 1431 1127 1480 uirtutibus
1168 1432 1257 1480 ille
1301 1432 1557 1481 Columba
1596 1434 1781 1493 uester,
1813 1433 1976 1481 immo

367 1517 418 1562 et
439 1516 629 1576 noster,
651 1515 696 1562 si
716 1515 910 1563 Christi
929 1518 1050 1576 erat,
1073 1533 1204 1564 num
1224 1516 1469 1578 praeferri
1487 1517 1658 1579 potuit
1677 1517 1976 1566 beatissimo

365 1598 723 1660 apostolorum
761 1599 995 1661 principi,
1028 1599 1111 1648 cui
1146 1601 1396 1650 Dominus
1419 1600 1488 1648 ait
1514 1619 1524 1649 ε
1559 1601 1686 1650 “Tu
1710 1616 1758 1649 cs
1781 1602 1970 1662 Petrus,
2009 1613 2160 1671 Matth.

362 1687 406 1730 ct
430 1698 576 1743 super
597 1684 722 1730 lzcmc
743 1687 938 1744 petram
974 1685 1239 1745 aedificabo
1271 1686 1513 1736 ecelesiam
1547 1700 1717 1745 meam,
1750 1689 1795 1733 et
1807 1689 1978 1746 portae
2007 1674 2088 1699 xv1.
2105 1666 2154 1709 ¹8'
2170 1676 2219 1710 ‘9'

364 1766 512 1827 ‘inferi
538 1782 637 1814 ozon
662 1769 1018 1827 praeualebzmt
1043 1769 1280 1818 aduersus
1298 1769 1313 1794 ⁴³
1339 1784 1459 1830 eam,
1491 1773 1536 1818 et
1560 1770 1649 1817 tibi
1674 1770 1795 1818 dabo
1821 1771 1980 1818 claues

362 1850 500 1910 requi
537 1852 776 1899 caelorum
790 1850 806 1875 ⁷
825 1851 851 1870 '⁹
868 1852 890 1899 ,9
908 1851 919 1871 ’

75 1944 323 2002 conclusion
435 1932 579 1981 Haec
639 1937 913 1996 perorante
986 1935 1211 1985 Uilfrido
1232 1937 1260 1998 ³²,
1327 1937 1455 1985 dixit
1516 1954 1641 1986 rex:
1721 1936 1969 1997 ‘Uerene,

74 1994 115 2029 Of
137 1994 265 2038 Oswy.
365 2016 630 2078 Colmane,
662 2017 788 2066 haec
825 2019 902 2066 illi
927 2019 1086 2068 Petro
1117 2020 1252 2068 dicta
1286 2023 1412 2069 sunt
1449 2038 1478 2069 a
1514 2021 1814 2069 Domino‘?'
1876 2021 1975 2083 Qui

364 2100 468 2148 ait:
525 2100 707 2161 ‘Uere,
763 2102 887 2150 rex.’
958 2103 1034 2150 At
1083 2103 1206 2153 ille:
1269 2104 1558 2165 ‘Habetis,’
1606 2104 1790 2166 inquit,
1851 2105 1975 2152 ‘uos

364 2183 591 2245 proferre
613 2183 629 2207 ⁹
677 2184 873 2247 aliquid
921 2188 1100 2235 tantae
1147 2188 1419 2250 potestatis
1467 2191 1642 2237 uestro
1691 2188 1974 2237 Columbae

364 2266 622 2316 datum‘?’
694 2268 769 2316 At
806 2269 893 2316 ille
934 2270 1007 2318 ait
1028 2270 1093 2318 ¹⁰:
1149 2269 1357 2319 ‘NihiL’
1430 2272 1664 2320 Rursum
1707 2288 1832 2321 rex:
1890 2272 1978 2320 ‘Si

366 2351 574 2413 utrique
599 2353 873 2414 uestruin,'
898 2353 1084 2416 inquit,
1122 2355 1204 2402 ‘in
1229 2356 1326 2403 hoc
1351 2356 1462 2404 sine
1488 2356 1596 2403 ulla
1622 2358 1975 2406 controuersia.

361 2435 710 2496 consentiunt,
744 2437 880 2498 quod
919 2437 1044 2485 haec
1080 2438 1433 2501 principaliter
1469 2440 1627 2487 Petro
1661 2440 1808 2502 dicta,
1841 2444 1892 2490 et
1930 2442 1976 2490 ei

360 2518 530 2566 claues
569 2519 718 2581 regni
756 2520 1016 2568 caelorum
1057 2522 1164 2569 sint
1202 2523 1350 2571 datae
1367 2520 1399 2544 Π
1437 2539 1467 2571 a
1503 2524 1807 2573 Domino‘?’
1882 2525 1975 2574 Re-

363 2603 724 2664 sponderunt:
769 2603 1013 2666 ‘Etiam,'
1037 2605 1259 2668 utrique.
1336 2606 1411 2654 At
1447 2606 1535 2654 ille
1571 2607 1643 2655 ita
1680 2608 1971 2658 conclusit:

372 2686 468 2734 ‘Et
507 2704 600 2749 ego
638 2687 786 2735 uobis
823 2688 950 2750 dico,
981 2689 1100 2751 quia
1137 2689 1220 2737 hic
1258 2691 1335 2737 est
1373 2692 1603 2739 ostiarius
1642 2693 1729 2752 ille,
1762 2692 1844 2740 cui
1881 2709 1974 2755 ego

366 2772 698 2819 contracle'cere
737 2770 895 2832 nolo;
947 2772 1049 2834 sed,
1104 2772 1159 2820 in
1200 2775 1458 2836 quantum
1506 2774 1633 2822 noui
1678 2775 1764 2824 uel
1806 2776 1968 2837 ualeo,

421 2941 433 2962 ¹
464 2941 675 2992 multum,
701 2944 865 2980 inserted
880 2927 928 2980 οἴη
949 2945 1122 2990 mamm,
1147 2941 1206 2981 M.
1295 2941 1310 2963 ²
1339 2955 1432 2982 esse
1453 2943 1505 2983 B.
1599 2943 1614 2966 ³
1645 2945 1794 2994 sicque
1817 2945 1876 2985 M.
1897 2946 1972 2995 ΗΧ.

362 3006 377 3028 4
409 3008 694 3046 dubitatione
714 3009 773 3048 M.
795 3009 871 3058 H„
999 3007 1014 3030 ⁵
1042 3009 1263 3048 exn-imae
1285 3009 1343 3048 M.
1469 3010 1485 3032 ὅ
1515 3023 1633 3049 -sum
1655 3011 1703 3052 C.
1829 3011 1845 3034 ⁷
1863 3014 1973 3059 from

366 3074 419 3113 B.
450 3074 511 3122 C;
556 3074 600 3113 M
635 3078 708 3113 has
741 3077 917 3125 petram
952 3077 997 3114 et
1029 3078 1176 3114 cetera
1209 3088 1351 3126 usque
1382 3077 1509 3127 regni
1545 3077 1795 3126 caelorum3
1826 3092 1866 3117 so
1896 3080 1971 3128 HI.

366 3138 380 3160 Β
410 3141 527 3178 uuil-
550 3141 596 3180 C.
793 3141 808 3164 ⁹
837 3141 1011 3191 profere
1033 3142 1092 3181 M.
1290 3142 1321 3164 ¹⁰
1351 3144 1416 3182 ait
1437 3144 1515 3182 ille
1537 3144 1595 3194 M,
1619 3147 1666 3184 at
1690 3149 1801 3194 bez'rzy
1821 3149 1971 3185 written

365 3209 475 3244 abore
496 3210 554 3245 the
574 3210 663 3246 line.
779 3207 808 3230 ¹¹
841 3208 937 3248 dati
958 3209 1018 3249 M.
1041 3205 1105 3249 C¹.
1127 3209 1193 3249 13¹.
