2240 3444
80 342 274 394 Langres,

80 393 188 434 Sept.
212 402 263 435 25,

82 443 154 485 716.

79 862 156 897 His
175 861 302 896 death

77 912 160 946 and
175 911 322 955 burial‚

79 962 188 1005 Sept.
212 973 264 1006 25,
280 963 335 1006 26,

79 1014 152 1055 716.

77 1756 131 1790 Of
146 1755 210 1790 his
228 1765 335 1790 com-

75 1805 265 1849 panions,

76 1866 185 1891 some
205 1866 265 1890 re-

75 1910 175 1940 †urn
197 1905 332 1950 home,

75 1965 187 1990 some
206 1966 295 1999 pro-

78 2006 174 2039 ceed
192 2007 235 2041 to

76 2056 215 2091 Rome.

78 2860 227 2895 Others
246 2872 305 2896 re-

78 2910 190 2945 main
211 2914 255 2945 at

78 2960 271 3004 Langres.

369 189 478 240 402
872 180 1139 235 Historia
1179 179 1468 234 Abbatwm

368 334 502 379 tione
562 331 677 384 XV;
741 326 1102 386 applilcansque
1162 326 1213 370 in
1275 325 1424 383 pratis
1495 323 1707 370 eiusdem
1760 322 1978 369 ciuitatis
2007 324 2098 371 133²
2116 326 2155 363 b.

368 409 620 467 gratanter
656 421 684 450 a
718 405 957 462 Gangulfo
974 403 990 428 ¹
1026 402 1276 460 regionum
1300 400 1492 444 illarum
1516 397 1710 444 domino
1734 400 1978 455 susceptus

371 485 457 538 est,
482 481 659 538 quippe
685 479 766 536 qui
796 479 953 536 ipsum
980 480 1029 524 et
1050 477 1103 521 in
1125 476 1205 521 uia
1231 475 1361 532 prius
1395 473 1649 519 inueniens
1679 472 1766 518 illo
1792 472 1974 526 uenire,

369 560 417 603 et
449 556 659 613 benigne
699 553 888 611 suscipi,
924 552 1070 598 etiam
1103 551 1142 595 si
1174 551 1277 608 ipse
1313 564 1410 594 non
1449 549 1650 602 adesset,
1695 547 1976 605 praecepit;

368 632 573 676 multum
597 631 857 682 obsecrans,
883 643 943 674 ne
970 628 1083 672 inde
1109 626 1202 670 nisi
1225 640 1384 682 sospes
1415 624 1585 680 abiret,
1611 624 1692 669 sed
1719 623 1790 669 ibi
1819 623 1978 680 potius

368 707 428 751 ad
462 705 569 750 loca
600 706 872 749 sanctorum
905 704 1180 758 martyrum,
1216 699 1255 744 si
1287 699 1359 743 ita
1402 698 1528 743 Deus
1564 696 1807 751 uoluisset,
1846 697 1977 743 uitae

368 780 587 826 caelestis
610 781 883 836 expectaret
905 777 1170 822 introitum.

429 857 498 912 36.
534 853 748 911 Contigit
778 855 939 897 autem
962 854 1015 895 ut
1043 851 1146 908 ipso
1182 849 1271 900 die,
1304 863 1394 905 quo
1421 850 1635 902 uenerat,
1661 847 1788 893 circa
1809 847 1977 893 horam
2008 854 2135 891 Baed.
2153 853 2200 902 ἐξ

370 929 438 972 ·X-
473 928 701 986 migraret
743 927 804 970 ad
842 925 1109 976 Dominum,
1155 923 1286 969 cuius
1331 938 1498 979 corpus
1537 937 1679 968 mane
1718 937 1893 981 magno
1927 925 1977 969 et
2007 916 2128 949 ²¹'23'

367 1002 594 1048 comitum
616 1001 766 1059 ipsius
785 1003 834 1046 et
856 1000 1121 1045 accolarum
1141 997 1356 1043 ciuitatis
1372 997 1503 1041 illius
1518 996 1712 1054 agmine
1731 999 1979 1055 portatum

367 1080 438 1122 est
461 1092 548 1135 per
568 1076 663 1121 tria
692 1076 841 1121 ferme
874 1074 1012 1118 milia
1042 1073 1296 1131 passuum2
1318 1073 1371 1117 in
1394 1073 1740 1119 monasterium
1764 1072 1978 1119 eiusdem

369 1152 623 1210 Ganguulfi
639 1150 667 1202 1,
718 1150 842 1207 quod
891 1152 993 1195 erat
1043 1149 1102 1193 ad
1145 1148 1465 1194 meridianam
1508 1148 1703 1207 plagam
1747 1148 1974 1203 ciuitatis,

366 1226 520 1284 spatio
548 1225 739 1271 circiter
766 1224 963 1268 miliarii
987 1227 1035 1270 et
1065 1223 1268 1277 dimidii,
1294 1223 1629 1280 sepultumque
1663 1223 1715 1267 in
1744 1223 1978 1269 aecclesia

366 1305 633 1346 sanctorum
658 1302 921 1357 martyrum
943 1299 1260 1357 geminorum,
1281 1314 1482 1356 quorum
1499 1299 1697 1343 nomina
1714 1301 1824 1344 sunt
1840 1299 1975 1356 haee,

369 1375 670 1432 Speusippus,
697 1373 993 1430 Eleosippus,
1017 1373 1332 1431 Meliosippus
1346 1373 1384 1426 3;
1418 1373 1499 1430 qui
1521 1389 1618 1418 una
1639 1374 1798 1432 geniti
1820 1376 1973 1420 matre

366 1465 459 1495 uno
502 1453 644 1507 partu
684 1448 753 1494 ibi
795 1448 994 1505 antiquo
1037 1453 1255 1506 tempore
1299 1449 1532 1506 martyrio
1571 1449 1800 1502 coronati,
1837 1452 1887 1495 et
1923 1449 1975 1494 in

366 1524 531 1569 eodem
546 1523 649 1568 loco
664 1522 843 1579 sepulti
860 1525 988 1577 sunt,
1004 1523 1087 1567 ubi
1104 1526 1152 1568 et
1170 1522 1280 1567 auia
1296 1522 1500 1575 illorum,
1521 1522 1713 1568 nomine
1729 1514 1972 1576 Leonella‚

366 1598 554 1655 sepulta
586 1600 670 1654 est,
704 1600 752 1642 et
784 1597 888 1654 ipsa
921 1612 1007 1654 per
1039 1597 1383 1643 confessionem
1421 1597 1641 1655 martyrii
1684 1613 1873 1656 egressa
1915 1599 1973 1645 de

365 1687 559 1729 corpore
574 1672 604 1717 4.

426 1759 495 1803 37.
531 1746 728 1803 Sepulto
763 1746 912 1805 igitur
943 1749 1096 1804 patre,
1137 1747 1331 1803 quidam
1364 1763 1422 1792 ex
1465 1747 1705 1804 fratribus,
1751 1747 1833 1805 qui
1868 1764 1976 1794 eum
2003 1743 2057 1781 ib.

365 1822 676 1873 deduxerunt,
705 1821 912 1878 patriam
935 1821 1129 1873 rediere,
1154 1821 1393 1866 narraturi
1419 1822 1470 1865 in
1504 1823 1792 1868 monasterio
1822 1823 1973 1880 ipsius

364 1895 447 1939 ubi
476 1898 524 1940 et
546 1896 733 1952 quando
766 1895 995 1941 transiret
1018 1911 1041 1941 e
1067 1911 1290 1954 corpore;
1325 1896 1520 1953 quidam
1546 1912 1658 1943 uero
1686 1897 1974 1955 dispositum

365 1970 563 2014 Romam
595 1969 689 2014 iter
720 1985 959 2028 peregere,
1003 1970 1213 2016 delaturi
1242 1986 1446 2017 munera
1478 1987 1598 2028 quae
1631 1972 1840 2018 miserat.
1915 1974 1973 2018 In

366 2044 536 2100 quibus
583 2044 812 2089 uidelicet
856 2045 1132 2090 muneribus
1181 2049 1285 2091 erat
1333 2047 1614 2102 Pandectes,
1654 2051 1708 2093 ut
1751 2048 1973 2102 diximus,

365 2119 368 2157 1
398 2118 800 2174 interpretatione
832 2119 966 2164 beati
1004 2119 1272 2165 Hieronimi
1306 2121 1564 2178 presbiteri
1603 2137 1662 2167 ex
1701 2123 1891 2169 Hebreo
1925 2126 1973 2169 et
2003 2124 2030 2162 f.
2051 2137 2091 2170 33
2109 2136 2145 2161 a.

366 2192 514 2238 Greco
545 2192 678 2237 fonte
702 2193 982 2247 transfusus,
1007 2194 1186 2240 habens
1209 2196 1260 2239 in
1283 2197 1443 2254 capite
1477 2196 1678 2254 scriptos
1700 2197 1974 2244 huiusmodi

365 2265 620 2310 uersiculos
641 2280 651 2309 :

514 2382 690 2439 Corpus
714 2384 772 2427 ad
798 2384 964 2429 eximii
987 2386 1157 2432 merito
1181 2387 1459 2433 uenerabile
1484 2387 1627 2441 Petri,

573 2457 776 2502 Dedicat
799 2460 1059 2506 aecclesiae
1083 2476 1226 2517 quem
1250 2461 1426 2519 caput⁵
1448 2463 1550 2507 alta
1571 2463 1701 2516 fides,

506 2530 783 2585 Ceolfridus‚
808 2534 1070 2591 Anglorum
1097 2537 1322 2582 extremis
1340 2537 1356 2561 ⁶
1380 2538 1437 2582 de
1461 2537 1633 2582 finibus
1655 2537 1814 2592 abbas,

572 2605 745 2651 Deuoti
769 2607 966 2652 affectus
990 2609 1193 2667 pignora
1215 2611 1359 2655 mitto
1386 2611 1495 2656 mei.

513 2679 685 2735 Meque
708 2696 930 2738 meosque
957 2687 1128 2740 optans
1152 2684 1279 2729 tanti
1301 2684 1429 2730 inter
1446 2685 1625 2743 gaudia
1648 2685 1800 2743 patris

573 2754 630 2797 In
653 2755 797 2800 caelis
821 2771 1079 2802 memorem
1103 2773 1292 2815 semper
1312 2759 1486 2805 habere
1510 2760 1682 2805 locum.

424 2856 493 2910 38.
526 2855 666 2901 Porro
696 2858 890 2913 quidam
918 2859 967 2902 in
1003 2861 1167 2905 eadem
1199 2861 1397 2906 ciuitate
1426 2862 1739 2920 Lingonense‚
1771 2866 1971 2921 propter
1998 2867 2053 2904 ib.

365 2941 573 2973 amorem
608 2931 789 2987 sepulti
822 2932 1003 2977 ibidem
1042 2934 1261 2991 parentis
1295 2935 1379 2988 sui,
1422 2935 1629 2981 residere
1667 2936 1969 2991 maluerunt3

366 3001 446 3055 qui
488 3005 651 3048 tamen
694 3008 860 3061 postea
903 3007 1144 3052 destinata
1186 3008 1387 3053 Romam
1430 3009 1661 3054 ueniendi
1703 3013 1820 3055 uota
1863 3026 1970 3056 con-

421 3139 431 3159 ¹
463 3144 657 3195 ganulfo,
682 3145 730 3183 -fi
753 3147 786 3185 δ.
944 3145 961 3171 2
984 3160 1174 3197 pasuum
1195 3148 1254 3187 H.
1405 3150 1420 3173 ³
1450 3163 1741 3203 speusyppus,
1767 3151 1970 3203 6161185711-

365 3223 460 3259 puS,
486 3213 801 3264 meleusyppus
822 3215 854 3254 δ.
985 3215 999 3236 4
1030 3218 1108 3266 qui
1130 3229 1220 3255 una
1242 3248 1251 3257 .
1276 3247 1285 3257 .
1316 3249 1324 3257 .
1349 3249 1359 3258 .
1383 3231 1561 3270 corpore
1582 3233 1656 3260 om.
1683 3221 1717 3261 δ.
1858 3219 1872 3243 ⁵
1902 3233 1968 3260 ea-

365 3276 456 3325 111111
479 3277 536 3317 Η.
703 3279 717 3301 ⁶
746 3281 965 3332 extrimis,
993 3286 1083 3321 with
1104 3296 1126 3321 r
1145 3287 1277 3322 erased
1298 3283 1359 3323 H.
