2912 4368
1074 459 1180 508 418
1600 457 1655 508 E
1648 458 1861 527 pc'stolcc
1902 459 2046 511 Bede
2086 458 2161 511 (αἱ

1070 607 1243 669 aliqua
1291 625 1407 671 pars
1452 609 1631 656 ouium
1676 608 1814 655 inter
1855 608 2017 655 hedos
2065 607 2127 655 ad
2168 606 2434 656 sinistram
2475 607 2672 656 Iudicis
2703 618 2904 658 cfiMatth

2699 678 2869 716 XXV.33‚

1071 694 1280 753 secerni,
1312 696 1467 755 atque
1493 692 1547 740 in
1574 695 1844 740 aeternum
1873 708 1991 738 cum
2018 690 2382 738 maledictione
2408 693 2671 740 mereatur
2701 730 2757 763 41·

1069 776 1141 824 ire
1169 777 1511 839 siqf›plicium;
1553 777 1680 838 quin
1718 776 1891 837 potius
1928 775 2038 835 ipse
2064 776 2191 821 tunc
2230 791 2410 822 eorum
2447 792 2669 824 numero

1068 861 1308 909 merearis
1338 861 1538 920 ascribi,
1571 861 1632 908 de
1664 859 1853 921 quibus
1887 858 1958 905 ait
1986 856 2201 906 Ysaias:
2246 858 2533 907 ‘Minimus
2571 860 2668 908 erit
2700 866 2826 906 1s.1x.
2848 882 2912 908 22.-·

1065 945 1231 993 inter¹
1261 946 1423 1005 mille,
1469 948 1519 993 et
1556 942 1806 1006 paruulus
1843 939 2011 989 inter¹
2039 943 2253 1002 gentem
2290 941 2669 991 fortissimam.'

1064 1030 1161 1076 Tui
1196 1046 1423 1091 namque
1461 1032 1537 1076 est
1575 1027 1728 1076 officii
1766 1025 2171 1086 diligentissime
2207 1025 2508 1087 perspicere,
2542 1026 2667 1087 quid

1062 1112 1117 1160 in
1167 1114 1387 1176 singulis
1435 1110 1766 1160 monasteriis
1815 1111 1933 1156 tuae
1983 1108 2281 1170 parrochiae
2339 1109 2477 1169 recti,
2541 1110 2665 1172 quid

1061 1198 1292 1259 peruersi
1319 1199 1561 1259 ge1·atur;
1602 1211 1666 1241 ne
1701 1193 1786 1241 uel
1820 1191 1978 1240 abbas
2012 1192 2312 1254 regularum
2344 1192 2542 1241 inscius
2576 1196 2666 1242 aut

1062 1283 1402 1342 contemptor,
1457 1279 1543 1327 uel
1592 1276 1850 1325 abbatissa
1899 1275 2078 1323 minus
2134 1275 2293 1337 digna
2342 1276 2665 1325 famulorum

1059 1364 1441 1411 famularumue
1469 1361 1662 1411 Christi
1688 1361 2033 1422 praeponatur
2059 1358 2302 1419 examini,
2335 1376 2431 1407 nec
2451 1376 2663 1408 rursum

1058 1445 1379 1508 }·›rouisioni'2
1418 1444 1772 1507 spiritualium
1807 1442 2181 1505 magistrorum
2220 1443 2573 1504 contemptrix
2610 1447 2662 1493 et

1058 1529 1443 1592 indisciplinata
1470 1527 1861 1576 contumacium
1893 1526 2192 1573 auditorum
2219 1526 2373 1574 turba
2405 1527 2626 1576 resultet
2650 1547 2661 1585 ς

1056 1614 1283 1661 maxime
1311 1614 1431 1676 quia
1451 1613 1480 1673 ³,
1513 1612 1646 1660 sicut
1683 1611 1844 1672 uulgo
1881 1610 2060 1670 fertur,
2094 1610 2262 1657 dicere
2301 1609 2426 1658 estis
2464 1611 2607 1659 soliti
2626 1614 2654 1673 4,

1055 1698 1171 1760 quia
1204 1716 1311 1746 non
1342 1698 1403 1746 ad
1439 1713 1621 1759 regum
1662 1711 1854 1754 curam,
1887 1711 1993 1741 non
2031 1693 2094 1741 ad
2116 1693 2132 1717 ⁵
2167 1692 2464 1755 aliquorum
2500 1696 2661 1745 seculi

1051 1782 1349 1843 principum
1376 1797 1596 1840 causam,
1631 1780 1719 1827 sed
1747 1778 1810 1826 ad
1837 1780 2068 1825 uestram
2096 1778 2466 1825 tantummodo
2498 1779 2659 1828 antis-

1053 1865 1211 1912 titum
1250 1864 1644 1926 inquisitionem
1684 1864 1840 1923 atque
1884 1878 2118 1920 examen,
2170 1860 2292 1923 quid
2335 1860 2390 1908 in
2435 1861 2658 1924 singulis

1051 1948 1381 1996 monasteriis
1402 1949 1595 2009 agatur,
1621 1945 1892 2008 pertineat,
1925 1944 2025 1991 nisi
2051 1944 2184 1992 forte
2211 1944 2265 1991 in
2294 1946 2625 1994 monasteriis
2642 1947 2658 1972 ⁶

1050 2031 1268 2091 quilibet
1300 2032 1355 2078 in
1381 2031 1522 2093 ipsos
1548 2029 1809 2092 principes
1835 2044 2069 2090 peccasse
2096 2027 2476 2089 comprobetur.
2536 2029 2649 2090 Tui,

1048 2114 1274 2176 inquam,
1299 2117 1375 2162 est
1403 2114 1555 2162 officii
1576 2129 1861 2176 procurare,
1885 2129 1951 2159 ne
1973 2112 2029 2158 in
2055 2111 2183 2159 locis
2204 2111 2315 2160 Deo
2343 2113 2654 2162 consecratis

1048 2198 1282 2245 diabolus
1320 2198 1418 2245 sibi
1452 2214 1673 2259 regnum
1712 2198 1941 2258 usurpet,
1976 2212 2041 2242 ne
2062 2195 2077 2219 ⁷
2104 2212 2195 2256 pro
2230 2212 2353 2256 pace
2380 2195 2646 2257 discordia,

1047 2298 1139 2341 pro
1166 2281 1355 2343 pietate
1381 2281 1562 2343 iurgia,
1594 2298 1687 2342 pro
1726 2278 2006 2327 sobrietate
2044 2278 2280 2331 ebrietas,
2307 2296 2399 2340 pro
2438 2280 2652 2329 caritate

1045 2366 1093 2411 et
1120 2366 1353 2413 castitate
1379 2364 1749 2412 fornicationes
1776 2363 1874 2411 sibi
1903 2365 1953 2411 et
1974 2362 2255 2410 homicidia
2280 2364 2457 2411 sedem
2483 2364 2651 2412 uindi-

1045 2450 1188 2507 cent;
1227 2449 1316 2495 ne·q
1343 2449 1478 2510 apud
1505 2451 1556 2495 te
1583 2447 1927 2495 inueniantur
1952 2446 2129 2507 aliqui,
2154 2447 2216 2494 de
2244 2447 2433 2508 quibus
2459 2449 2646 2496 merito

1044 2534 1317 2591 quaeratur
1341 2548 1396 2578 ac
1423 2531 1622 2578 dicatur
1647 2550 1657 2577 :
1703 2530 1858 2579 ‘Uidi
1884 2530 2073 2592 impios
2099 2529 2343 2591 sepultos,
2377 2530 2478 2592 qui,
2522 2548 2643 2579 cum
2674 2538 2786 2576 Eecl.
2808 2539 2863 2576 vii
2885 2567 2888 2572 .

2676 2601 2727 2628 10.

2890 2263 2891 2266 „
2886 2113 2894 2218 can-:25
2893 2099 2895 2102 ,
2894 2063 2895 2068 Α

1041 2614 1357 2671 aduiuerent,
1406 2615 1463 2661 in
1513 2614 1624 2662 loco
1674 2616 1852 2662 sancto
1897 2615 2058 2673 erant,
2106 2615 2156 2661 et
2199 2612 2545 2662 laudabantur
2586 2614 2642 2662 in

1041 2697 1260 2752 ciuitate,
1306 2698 1452 2759 quasi
1484 2695 1489 2753 l
1524 2696 1817 2745 iustorum⁹
1852 2697 2105 2758 operum.’
2668 2699 2696 2737 f.
2716 2712 2759 2748 95
2776 2712 2814 2737 a.

748 2786 1008 2867 mizi-action
1116 2792 1188 2837 15.
1230 2782 1426 2828 Eorum
1445 2799 1663 2843 quoque,
1693 2781 1782 2843 qui
1811 2781 1866 2828 in
1887 2780 2125 2843 populari
2152 2780 2320 2828 adhuc
2346 2780 2456 2829 uita
2482 2782 2642 2830 conti-

747 2848 769 2864 (ν
842 2847 878 2870 ie

746 2884 876 2928 Laity.
1041 2866 1246 2924 nentur,
1276 2864 1548 2911 sollicitam
1576 2866 1627 2912 te
1660 2881 1868 2912 necesse
1896 2867 1974 2912 est
2001 2880 2179 2911 curam
2207 2881 2394 2926 gerere,
2413 2867 2484 2923 ut,
2509 2866 2643 2914 sicut
2872 2862 2876 2935 f

1037 2946 1089 2992 in
1113 2947 1396 3007 primordio
1417 2947 1575 2995 huius
1596 2948 1844 3009 epistolae
1863 2947 2303 3009 praemonuimus,
2328 2947 2642 2997 sufficientes
2871 2938 2874 2990 l

1037 3028 1108 3075 eis
1137 3029 1371 3077 doctores
1398 3032 1536 3077 uitae
1564 3031 1805 3078 salutaris
1831 3030 2076 3078 adhibere
2103 3030 2422 3091 memineris,
2454 3033 2505 3078 et
2540 3031 2639 3080 hoc

1035 3129 1118 3159 vos
1156 3113 1293 3160 inter
1330 3113 1429 3161 alia
1467 3114 1661 3161 discere
1698 3114 1868 3168 facias,
1910 3114 2100 3175 quibus
2138 3114 2379 3176 operibus
2408 3115 2637 3163 maxime

1032 3195 1139 3242 Deo
1183 3197 1393 3257 placere,
1439 3214 1467 3244 a
1517 3197 1706 3259 quibus
1746 3215 1800 3245 se
1845 3197 2083 3257 debeant,
2140 3197 2227 3259 qui
2277 3198 2385 3245 Deo
2434 3197 2636 3259 placere

1034 3278 1339 3339 desiderant,
1372 3280 1630 3327 abstinere
1666 3280 1898 3342 peccatis,
1933 3298 2034 3343 qua
2061 3281 2229 3329 cordis
2255 3280 2552 3329 sinceritate
2575 3281 2634 3329 in

1087 3425 1097 3445 ¹
1134 3429 1178 3465 in
1202 3429 1259 3467 Π.
1431 3430 1445 3451 ²¹
1475 3443 1599 3479 prae-
1622 3430 1681 3469 M.
1867 3430 1880 3450 η
1911 3432 2016 3479 quia
2038 3445 2111 3469 oms.
2139 3431 2195 3469 M.
2339 3430 2351 3451 4
2383 3431 2546 3469 soliciti
2570 3431 2629 3470 M.

1031 3492 1043 3511 ·''
1074 3494 1129 3530 :1⁴1
1151 3509 1222 3533 om.
1252 3496 1308 3533 ΙΙ.
1464 3495 1477 3516 ⁶
1508 3498 1693 3545 agatur.
1720 3527 1728 3534 .
1753 3527 1762 3535 .
1790 3526 1797 3534 .
1827 3498 2111 3535 monasteriis
2131 3510 2206 3536 om.
2228 3497 2285 3536 H.
2442 3494 2455 3517 ⁷
2485 3509 2631 3547 neque

1032 3558 1089 3596 M.
1234 3561 1245 3575 ⁵
1278 3573 1357 3597 noc
1381 3560 1438 3599 M.
1581 3562 1595 3583 ⁹
1627 3562 1843 3599 bonorum
1867 3562 1925 3601 M.
