<?xml version="1.0" encoding="UTF-8"?>
<!DOCTYPE html PUBLIC "-//W3C//DTD XHTML 1.0 Transitional//EN"
    "http://www.w3.org/TR/xhtml1/DTD/xhtml1-transitional.dtd">
<html xmlns="http://www.w3.org/1999/xhtml" xml:lang="en" lang="en">
 <head>
  <title>
</title>
<meta http-equiv="Content-Type" content="text/html;charset=utf-8" />
  <meta name='ocr-system' content='tesseract 3.04.00' />
  <meta name='ocr-capabilities' content='ocr_page ocr_carea ocr_par ocr_line ocrx_word'/>
</head>
<body>
  <div class='ocr_page' id='page_1' title='image "./venerabilisbaeda01bede_0618.png"; bbox 0 0 2240 3444; ppageno 0'>
   <div class='ocr_carea' id='block_1_1' title="bbox 63 1537 311 1832">
    <p class='ocr_par' dir='ltr' id='par_1_1' title="bbox 63 1537 311 1832">
     <span class='ocr_line' id='line_1_1' title="bbox 65 1537 311 1575; baseline -0.016 0"><span class='ocrx_word' id='word_1_1' title='bbox 65 1537 311 1575; x_wconf 73' lang='lat' dir='ltr'>Ordination</span> 
     </span>
     <span class='ocr_line' id='line_1_2' title="bbox 64 1589 287 1633; baseline 0.009 -13"><span class='ocrx_word' id='word_1_2' title='bbox 64 1592 108 1624; x_wconf 75' lang='lat' dir='ltr'>of</span> <span class='ocrx_word' id='word_1_3' title='bbox 121 1589 287 1633; x_wconf 84' lang='lat' dir='ltr'>presby-</span> 
     </span>
     <span class='ocr_line' id='line_1_3' title="bbox 63 1638 262 1683; baseline -0.015 -8"><span class='ocrx_word' id='word_1_4' title='bbox 63 1645 148 1675; x_wconf 79' lang='lat' dir='ltr'>ters</span> <span class='ocrx_word' id='word_1_5' title='bbox 165 1651 171 1683; x_wconf 92' lang='lat'>;</span> <span class='ocrx_word' id='word_1_6' title='bbox 200 1638 262 1672; x_wconf 90' lang='lat' dir='ltr'>in-</span> 
     </span>
     <span class='ocr_line' id='line_1_4' title="bbox 66 1688 273 1724; baseline -0.01 0"><span class='ocrx_word' id='word_1_7' title='bbox 66 1688 273 1724; x_wconf 81' lang='lat' dir='ltr'>struction</span> 
     </span>
     <span class='ocr_line' id='line_1_5' title="bbox 63 1739 194 1774; baseline 0.015 -3"><span class='ocrx_word' id='word_1_8' title='bbox 63 1739 108 1773; x_wconf 84' lang='lat' dir='ltr'>of</span> <span class='ocrx_word' id='word_1_9' title='bbox 121 1739 194 1774; x_wconf 86' lang='lat' dir='ltr'>the</span> 
     </span>
     <span class='ocr_line' id='line_1_6' title="bbox 65 1789 217 1832; baseline 0.013 -11"><span class='ocrx_word' id='word_1_10' title='bbox 65 1789 217 1832; x_wconf 79' lang='lat' dir='ltr'>people.</span> 
     </span>
    </p>
   </div>
   <div class='ocr_carea' id='block_1_2' title="bbox 348 136 1433 208">
    <p class='ocr_par' dir='ltr' id='par_1_2' title="bbox 348 136 1433 208">
     <span class='ocr_line' id='line_1_7' title="bbox 348 136 1433 208; baseline -0.003 -16"><span class='ocrx_word' id='word_1_11' title='bbox 348 143 456 193; x_wconf 84' lang='lat'>408</span> <span class='ocrx_word' id='word_1_12' title='bbox 874 137 1137 208; x_wconf 71' lang='lat' dir='ltr'>Epistola</span> <span class='ocrx_word' id='word_1_13' title='bbox 1174 137 1318 190; x_wconf 76' lang='lat' dir='ltr'>Bede</span> <span class='ocrx_word' id='word_1_14' title='bbox 1356 136 1433 189; x_wconf 76' lang='lat' dir='ltr'>acl</span> 
     </span>
    </p>
   </div>
   <div class='ocr_carea' id='block_1_3' title="bbox 348 279 1962 2937">
    <p class='ocr_par' dir='ltr' id='par_1_3' title="bbox 348 279 1960 1499">
     <span class='ocr_line' id='line_1_8' title="bbox 348 279 1956 347; baseline -0.004 -13"><span class='ocrx_word' id='word_1_15' title='bbox 348 285 564 347; x_wconf 88' lang='lat' dir='ltr'>uidebis,</span> <span class='ocrx_word' id='word_1_16' title='bbox 613 285 871 334; x_wconf 74' lang='lat' dir='ltr'>referente</span> <span class='ocrx_word' id='word_1_17' title='bbox 912 284 1064 334; x_wconf 87' lang='lat' dir='ltr'>beato</span> <span class='ocrx_word' id='word_1_18' title='bbox 1102 285 1255 345; x_wconf 87' lang='lat' dir='ltr'>Luca,</span> <span class='ocrx_word' id='word_1_19' title='bbox 1298 282 1477 346; x_wconf 86' lang='lat' dir='ltr'>quales</span> <span class='ocrx_word' id='word_1_20' title='bbox 1520 298 1696 330; x_wconf 88' lang='lat' dir='ltr'>secum</span> <span class='ocrx_word' id='word_1_21' title='bbox 1739 279 1956 329; x_wconf 88' lang='lat' dir='ltr'>comites</span> 
     </span>
     <span class='ocr_line' id='line_1_9' title="bbox 348 363 1955 432; baseline -0.003 -14"><span class='ocrx_word' id='word_1_22' title='bbox 348 369 571 432; x_wconf 86' lang='lat' dir='ltr'>apostoli</span> <span class='ocrx_word' id='word_1_23' title='bbox 609 368 808 417; x_wconf 87' lang='lat' dir='ltr'>Paulus</span> <span class='ocrx_word' id='word_1_24' title='bbox 856 371 908 417; x_wconf 90' lang='lat' dir='ltr'>et</span> <span class='ocrx_word' id='word_1_25' title='bbox 958 368 1226 417; x_wconf 78' lang='lat' dir='ltr'>Barnabas</span> <span class='ocrx_word' id='word_1_26' title='bbox 1276 365 1570 425; x_wconf 86' lang='lat' dir='ltr'>habuerint,</span> <span class='ocrx_word' id='word_1_27' title='bbox 1618 364 1746 426; x_wconf 91' lang='lat' dir='ltr'>quid</span> <span class='ocrx_word' id='word_1_28' title='bbox 1795 363 1955 413; x_wconf 87' lang='lat' dir='ltr'>etiam</span> 
     </span>
     <span class='ocr_line' id='line_1_10' title="bbox 349 429 1956 515; baseline -0.004 -15"><span class='ocrx_word' id='word_1_29' title='bbox 349 452 462 515; x_wconf 89' lang='lat' dir='ltr'>ipsi,</span> <span class='ocrx_word' id='word_1_30' title='bbox 510 451 811 514; x_wconf 90' lang='lat' dir='ltr'>ubicunque</span> <span class='ocrx_word' id='word_1_31' title='bbox 848 452 1199 512; x_wconf 88' lang='lat' dir='ltr'>deuenissent,</span> <span class='ocrx_word' id='word_1_32' title='bbox 1246 450 1415 513; x_wconf 87' lang='lat' dir='ltr'>operis</span> <span class='ocrx_word' id='word_1_33' title='bbox 1454 448 1667 511; x_wconf 89' lang='lat' dir='ltr'>egerint.</span> <span class='ocrx_word' id='word_1_34' title='bbox 1695 429 1702 506; x_wconf 60' lang='lat' dir='ltr'>s</span> <span class='ocrx_word' id='word_1_35' title='bbox 1764 447 1956 496; x_wconf 82' lang='lat' dir='ltr'>Statim</span> 
     </span>
     <span class='ocr_line' id='line_1_11' title="bbox 349 529 1950 598; baseline -0.004 -15"><span class='ocrx_word' id='word_1_36' title='bbox 349 535 606 598; x_wconf 83' lang='lat' dir='ltr'>namque1</span> <span class='ocrx_word' id='word_1_37' title='bbox 654 537 714 583; x_wconf 93' lang='lat' dir='ltr'>ut</span> <span class='ocrx_word' id='word_1_38' title='bbox 763 534 1002 583; x_wconf 87' lang='lat' dir='ltr'>ciuitates</span> <span class='ocrx_word' id='word_1_39' title='bbox 1053 533 1139 582; x_wconf 90' lang='lat' dir='ltr'>uel</span> <span class='ocrx_word' id='word_1_40' title='bbox 1199 533 1472 596; x_wconf 78' lang='lat' dir='ltr'>sinagogas</span> <span class='ocrx_word' id='word_1_41' title='bbox 1526 529 1752 594; x_wconf 87' lang='lat' dir='ltr'>ingressi</span> <span class='ocrx_word' id='word_1_42' title='bbox 1811 531 1950 591; x_wconf 92' lang='lat' dir='ltr'>sunt,</span> 
     </span>
     <span class='ocr_line' id='line_1_12' title="bbox 350 613 1957 681; baseline -0.004 -15"><span class='ocrx_word' id='word_1_43' title='bbox 350 619 573 667; x_wconf 91' lang='lat' dir='ltr'>uerbum</span> <span class='ocrx_word' id='word_1_44' title='bbox 623 617 722 666; x_wconf 92' lang='lat' dir='ltr'>Dei</span> <span class='ocrx_word' id='word_1_45' title='bbox 769 618 1073 681; x_wconf 85' lang='lat' dir='ltr'>praedicare,</span> <span class='ocrx_word' id='word_1_46' title='bbox 1131 619 1182 664; x_wconf 88' lang='lat' dir='ltr'>et</span> <span class='ocrx_word' id='word_1_47' title='bbox 1237 633 1329 678; x_wconf 88' lang='lat' dir='ltr'>per</span> <span class='ocrx_word' id='word_1_48' title='bbox 1384 613 1562 663; x_wconf 85' lang='lat' dir='ltr'>omnia</span> <span class='ocrx_word' id='word_1_49' title='bbox 1613 613 1957 662; x_wconf 88' lang='lat' dir='ltr'>disseminare</span> 
     </span>
     <span class='ocr_line' id='line_1_13' title="bbox 351 697 1952 761; baseline -0.003 -12"><span class='ocrx_word' id='word_1_50' title='bbox 351 701 614 750; x_wconf 75' lang='lat' dir='ltr'>curabant.</span> <span class='ocrx_word' id='word_1_51' title='bbox 693 700 841 761; x_wconf 78' lang='lat' dir='ltr'>Quod</span> <span class='ocrx_word' id='word_1_52' title='bbox 879 700 1035 748; x_wconf 88' lang='lat' dir='ltr'>etiam</span> <span class='ocrx_word' id='word_1_53' title='bbox 1071 702 1137 760; x_wconf 94' lang='lat' dir='ltr'>te,</span> <span class='ocrx_word' id='word_1_54' title='bbox 1178 698 1581 747; x_wconf 87' lang='lat' dir='ltr'>dilectissimum</span> <span class='ocrx_word' id='word_1_55' title='bbox 1613 697 1750 745; x_wconf 91' lang='lat' dir='ltr'>mihi</span> <span class='ocrx_word' id='word_1_56' title='bbox 1783 698 1952 759; x_wconf 88' lang='lat' dir='ltr'>caput,</span> 
     </span>
     <span class='ocr_line' id='line_1_14' title="bbox 354 779 1958 847; baseline -0.004 -14"><span class='ocrx_word' id='word_1_57' title='bbox 354 785 606 847; x_wconf 72' lang='lat' dir='ltr'>sagaciter</span> <span class='ocrx_word' id='word_1_58' title='bbox 642 784 861 846; x_wconf 89' lang='lat' dir='ltr'>cupiam,</span> <span class='ocrx_word' id='word_1_59' title='bbox 902 783 1201 845; x_wconf 87' lang='lat' dir='ltr'>ubicunque</span> <span class='ocrx_word' id='word_1_60' title='bbox 1238 784 1398 844; x_wconf 84' lang='lat' dir='ltr'>potes,</span> <span class='ocrx_word' id='word_1_61' title='bbox 1439 780 1673 843; x_wconf 89' lang='lat' dir='ltr'>implere.</span> <span class='ocrx_word' id='word_1_62' title='bbox 1753 779 1820 828; x_wconf 90' lang='lat' dir='ltr'>In</span> <span class='ocrx_word' id='word_1_63' title='bbox 1859 780 1958 828; x_wconf 89' lang='lat' dir='ltr'>hoc</span> 
     </span>
     <span class='ocr_line' id='line_1_15' title="bbox 352 864 1957 931; baseline -0.004 -14"><span class='ocrx_word' id='word_1_64' title='bbox 352 885 580 931; x_wconf 84' lang='lat' dir='ltr'>namque</span> <span class='ocrx_word' id='word_1_65' title='bbox 606 867 833 916; x_wconf 86' lang='lat' dir='ltr'>officium</span> <span class='ocrx_word' id='word_1_66' title='bbox 852 884 881 915; x_wconf 89' lang='lat' dir='ltr'>a</span> <span class='ocrx_word' id='word_1_67' title='bbox 907 866 1135 915; x_wconf 90' lang='lat' dir='ltr'>Domino</span> <span class='ocrx_word' id='word_1_68' title='bbox 1162 866 1370 925; x_wconf 90' lang='lat' dir='ltr'>electus,</span> <span class='ocrx_word' id='word_1_69' title='bbox 1393 865 1451 912; x_wconf 92' lang='lat' dir='ltr'>in</span> <span class='ocrx_word' id='word_1_70' title='bbox 1475 864 1574 912; x_wconf 92' lang='lat' dir='ltr'>hoc</span> <span class='ocrx_word' id='word_1_71' title='bbox 1589 866 1605 890; x_wconf 68' lang='lat'>2</span> <span class='ocrx_word' id='word_1_72' title='bbox 1626 865 1957 912; x_wconf 87' lang='lat' dir='ltr'>consecratus</span> 
     </span>
     <span class='ocr_line' id='line_1_16' title="bbox 352 947 1958 1012; baseline -0.003 -12"><span class='ocrx_word' id='word_1_73' title='bbox 352 968 419 1011; x_wconf 90' lang='lat' dir='ltr'>es,</span> <span class='ocrx_word' id='word_1_74' title='bbox 463 954 521 1000; x_wconf 89' lang='lat' dir='ltr'>ut</span> <span class='ocrx_word' id='word_1_75' title='bbox 556 951 779 999; x_wconf 91' lang='lat' dir='ltr'>uerbum</span> <span class='ocrx_word' id='word_1_76' title='bbox 817 949 1139 1012; x_wconf 85' lang='lat' dir='ltr'>euangelizes</span> <span class='ocrx_word' id='word_1_77' title='bbox 1175 949 1373 997; x_wconf 84' lang='lat' dir='ltr'>uirtute</span> <span class='ocrx_word' id='word_1_78' title='bbox 1412 948 1583 996; x_wconf 90' lang='lat' dir='ltr'>multa</span> <span class='ocrx_word' id='word_1_79' title='bbox 1599 948 1629 1009; x_wconf 65' lang='lat'>³,</span> <span class='ocrx_word' id='word_1_80' title='bbox 1672 947 1958 1010; x_wconf 75' lang='lat' dir='ltr'>praebente</span> 
     </span>
     <span class='ocr_line' id='line_1_17' title="bbox 352 1030 1957 1096; baseline -0.003 -13"><span class='ocrx_word' id='word_1_81' title='bbox 352 1035 451 1083; x_wconf 82' lang='lat' dir='ltr'>tibi</span> <span class='ocrx_word' id='word_1_82' title='bbox 476 1034 731 1083; x_wconf 82' lang='lat' dir='ltr'>auxilium</span> <span class='ocrx_word' id='word_1_83' title='bbox 764 1035 876 1096; x_wconf 87' lang='lat' dir='ltr'>ipso</span> <span class='ocrx_word' id='word_1_84' title='bbox 902 1035 1041 1096; x_wconf 84' lang='lat' dir='ltr'>Rege</span> <span class='ocrx_word' id='word_1_85' title='bbox 1067 1033 1328 1081; x_wconf 88' lang='lat' dir='ltr'>uirtutum</span> <span class='ocrx_word' id='word_1_86' title='bbox 1355 1031 1586 1080; x_wconf 91' lang='lat' dir='ltr'>Domino</span> <span class='ocrx_word' id='word_1_87' title='bbox 1622 1033 1802 1080; x_wconf 90' lang='lat' dir='ltr'>nostro</span> <span class='ocrx_word' id='word_1_88' title='bbox 1833 1030 1957 1079; x_wconf 89' lang='lat' dir='ltr'>Iesu</span> 
     </span>
     <span class='ocr_line' id='line_1_18' title="bbox 353 1115 1958 1179; baseline -0.002 -13"><span class='ocrx_word' id='word_1_89' title='bbox 353 1118 575 1168; x_wconf 86' lang='lat' dir='ltr'>Christo.</span> <span class='ocrx_word' id='word_1_90' title='bbox 655 1118 803 1178; x_wconf 76' lang='lat' dir='ltr'>Quod</span> <span class='ocrx_word' id='word_1_91' title='bbox 851 1118 924 1165; x_wconf 87' lang='lat' dir='ltr'>ita</span> <span class='ocrx_word' id='word_1_92' title='bbox 971 1117 1071 1165; x_wconf 89' lang='lat' dir='ltr'>rite</span> <span class='ocrx_word' id='word_1_93' title='bbox 1118 1115 1354 1179; x_wconf 88' lang='lat' dir='ltr'>perficies</span> <span class='ocrx_word' id='word_1_94' title='bbox 1394 1115 1452 1177; x_wconf 89' lang='lat' dir='ltr'>si,</span> <span class='ocrx_word' id='word_1_95' title='bbox 1496 1115 1795 1177; x_wconf 88' lang='lat' dir='ltr'>ubicunque</span> <span class='ocrx_word' id='word_1_96' title='bbox 1842 1131 1958 1177; x_wconf 89' lang='lat' dir='ltr'>per-</span> 
     </span>
     <span class='ocr_line' id='line_1_19' title="bbox 353 1198 1960 1261; baseline -0.002 -13"><span class='ocrx_word' id='word_1_97' title='bbox 353 1201 571 1261; x_wconf 86' lang='lat' dir='ltr'>ueneris,</span> <span class='ocrx_word' id='word_1_98' title='bbox 611 1217 733 1248; x_wconf 82' lang='lat' dir='ltr'>mox</span> <span class='ocrx_word' id='word_1_99' title='bbox 765 1200 996 1248; x_wconf 88' lang='lat' dir='ltr'>collectis</span> <span class='ocrx_word' id='word_1_100' title='bbox 1023 1201 1086 1248; x_wconf 88' lang='lat' dir='ltr'>ad</span> <span class='ocrx_word' id='word_1_101' title='bbox 1113 1203 1165 1248; x_wconf 87' lang='lat' dir='ltr'>te</span> <span class='ocrx_word' id='word_1_102' title='bbox 1205 1199 1437 1248; x_wconf 89' lang='lat' dir='ltr'>eiusdem</span> <span class='ocrx_word' id='word_1_103' title='bbox 1476 1198 1577 1246; x_wconf 92' lang='lat' dir='ltr'>loci</span> <span class='ocrx_word' id='word_1_104' title='bbox 1610 1198 1809 1259; x_wconf 90' lang='lat' dir='ltr'>incolis,</span> <span class='ocrx_word' id='word_1_105' title='bbox 1849 1214 1960 1245; x_wconf 89' lang='lat' dir='ltr'>uer-</span> 
     </span>
     <span class='ocr_line' id='line_1_20' title="bbox 352 1281 1958 1345; baseline -0.002 -13"><span class='ocrx_word' id='word_1_106' title='bbox 352 1284 479 1332; x_wconf 89' lang='lat' dir='ltr'>bum</span> <span class='ocrx_word' id='word_1_107' title='bbox 504 1283 613 1331; x_wconf 88' lang='lat' dir='ltr'>illis</span> <span class='ocrx_word' id='word_1_108' title='bbox 639 1283 1017 1332; x_wconf 72' lang='lat' dir='ltr'>exhortationis</span> <span class='ocrx_word' id='word_1_109' title='bbox 1043 1283 1355 1344; x_wconf 77' lang='lat' dir='ltr'>exhibueris,</span> <span class='ocrx_word' id='word_1_110' title='bbox 1388 1283 1549 1331; x_wconf 83' lang='lat' dir='ltr'>simul</span> <span class='ocrx_word' id='word_1_111' title='bbox 1576 1286 1627 1331; x_wconf 91' lang='lat' dir='ltr'>et</span> <span class='ocrx_word' id='word_1_112' title='bbox 1653 1281 1958 1345; x_wconf 82' lang='lat' dir='ltr'>exemplum</span> 
     </span>
     <span class='ocr_line' id='line_1_21' title="bbox 353 1364 1957 1430; baseline -0.001 -15"><span class='ocrx_word' id='word_1_113' title='bbox 353 1367 569 1416; x_wconf 90' lang='lat' dir='ltr'>uiuendi</span> <span class='ocrx_word' id='word_1_114' title='bbox 594 1384 700 1415; x_wconf 84' lang='lat' dir='ltr'>una</span> <span class='ocrx_word' id='word_1_115' title='bbox 733 1384 854 1415; x_wconf 90' lang='lat' dir='ltr'>cum</span> <span class='ocrx_word' id='word_1_116' title='bbox 885 1367 1144 1428; x_wconf 87' lang='lat' dir='ltr'>omnibus,</span> <span class='ocrx_word' id='word_1_117' title='bbox 1178 1366 1268 1430; x_wconf 88' lang='lat' dir='ltr'>qui</span> <span class='ocrx_word' id='word_1_118' title='bbox 1300 1370 1476 1415; x_wconf 89' lang='lat' dir='ltr'>tecum</span> <span class='ocrx_word' id='word_1_119' title='bbox 1512 1365 1771 1426; x_wconf 89' lang='lat' dir='ltr'>uenerint,</span> <span class='ocrx_word' id='word_1_120' title='bbox 1809 1364 1957 1429; x_wconf 89' lang='lat' dir='ltr'>quasi</span> 
     </span>
     <span class='ocr_line' id='line_1_22' title="bbox 355 1450 1371 1499; baseline 0.001 -2"><span class='ocrx_word' id='word_1_121' title='bbox 355 1450 588 1499; x_wconf 90' lang='lat' dir='ltr'>caelestis</span> <span class='ocrx_word' id='word_1_122' title='bbox 612 1450 833 1499; x_wconf 87' lang='lat' dir='ltr'>militiae</span> <span class='ocrx_word' id='word_1_123' title='bbox 859 1451 1042 1499; x_wconf 90' lang='lat' dir='ltr'>ductor</span> <span class='ocrx_word' id='word_1_124' title='bbox 1066 1450 1371 1499; x_wconf 87' lang='lat' dir='ltr'>ostenderis.</span> 
     </span>
    </p>

    <p class='ocr_par' dir='ltr' id='par_1_4' title="bbox 352 1534 1962 2937">
     <span class='ocr_line' id='line_1_23' title="bbox 429 1534 1959 1597; baseline -0.001 -14"><span class='ocrx_word' id='word_1_125' title='bbox 429 1548 470 1593; x_wconf 85' lang='lat'>5.</span> <span class='ocrx_word' id='word_1_126' title='bbox 514 1534 582 1583; x_wconf 89' lang='lat' dir='ltr'>Et</span> <span class='ocrx_word' id='word_1_127' title='bbox 631 1534 783 1597; x_wconf 77' lang='lat' dir='ltr'>quia⁴</span> <span class='ocrx_word' id='word_1_128' title='bbox 822 1534 1005 1583; x_wconf 89' lang='lat' dir='ltr'>latiora</span> <span class='ocrx_word' id='word_1_129' title='bbox 1048 1537 1174 1583; x_wconf 92' lang='lat' dir='ltr'>sunt</span> <span class='ocrx_word' id='word_1_130' title='bbox 1216 1534 1384 1597; x_wconf 86' lang='lat' dir='ltr'>spatia</span> <span class='ocrx_word' id='word_1_131' title='bbox 1422 1534 1671 1595; x_wconf 89' lang='lat' dir='ltr'>locorum,</span> <span class='ocrx_word' id='word_1_132' title='bbox 1722 1550 1853 1596; x_wconf 88' lang='lat' dir='ltr'>quae</span> <span class='ocrx_word' id='word_1_133' title='bbox 1893 1534 1959 1582; x_wconf 87' lang='lat' dir='ltr'>ad</span> 
     </span>
     <span class='ocr_line' id='line_1_24' title="bbox 355 1616 1960 1681; baseline 0 -16"><span class='ocrx_word' id='word_1_134' title='bbox 355 1618 702 1680; x_wconf 85' lang='lat' dir='ltr'>gubernacula</span> <span class='ocrx_word' id='word_1_135' title='bbox 743 1621 864 1666; x_wconf 91' lang='lat' dir='ltr'>tuae</span> <span class='ocrx_word' id='word_1_136' title='bbox 907 1618 1123 1667; x_wconf 92' lang='lat' dir='ltr'>diocesis</span> <span class='ocrx_word' id='word_1_137' title='bbox 1161 1618 1444 1681; x_wconf 77' lang='lat' dir='ltr'>pertinent,</span> <span class='ocrx_word' id='word_1_138' title='bbox 1489 1634 1648 1681; x_wconf 87' lang='lat' dir='ltr'>quam</span> <span class='ocrx_word' id='word_1_139' title='bbox 1685 1617 1778 1665; x_wconf 86' lang='lat' dir='ltr'>ut⁵</span> <span class='ocrx_word' id='word_1_140' title='bbox 1815 1616 1960 1665; x_wconf 89' lang='lat' dir='ltr'>solus</span> 
     </span>
     <span class='ocr_line' id='line_1_25' title="bbox 352 1700 1960 1765; baseline 0 -17"><span class='ocrx_word' id='word_1_141' title='bbox 352 1718 444 1763; x_wconf 93' lang='lat' dir='ltr'>per</span> <span class='ocrx_word' id='word_1_142' title='bbox 469 1702 644 1749; x_wconf 88' lang='lat' dir='ltr'>omnia</span> <span class='ocrx_word' id='word_1_143' title='bbox 669 1701 967 1763; x_wconf 74' lang='lat' dir='ltr'>discurrere,</span> <span class='ocrx_word' id='word_1_144' title='bbox 991 1704 1042 1750; x_wconf 89' lang='lat' dir='ltr'>et</span> <span class='ocrx_word' id='word_1_145' title='bbox 1067 1702 1124 1749; x_wconf 90' lang='lat' dir='ltr'>in</span> <span class='ocrx_word' id='word_1_146' title='bbox 1149 1701 1374 1765; x_wconf 89' lang='lat' dir='ltr'>singulis</span> <span class='ocrx_word' id='word_1_147' title='bbox 1394 1701 1583 1750; x_wconf 90' lang='lat' dir='ltr'>uiculis</span> <span class='ocrx_word' id='word_1_148' title='bbox 1603 1703 1758 1764; x_wconf 88' lang='lat' dir='ltr'>atque</span> <span class='ocrx_word' id='word_1_149' title='bbox 1777 1700 1960 1764; x_wconf 86' lang='lat' dir='ltr'>agellis</span> 
     </span>
     <span class='ocr_line' id='line_1_26' title="bbox 352 1783 1958 1848; baseline 0 -16"><span class='ocrx_word' id='word_1_150' title='bbox 352 1784 573 1832; x_wconf 90' lang='lat' dir='ltr'>uerbum</span> <span class='ocrx_word' id='word_1_151' title='bbox 599 1785 696 1833; x_wconf 92' lang='lat' dir='ltr'>Dei</span> <span class='ocrx_word' id='word_1_152' title='bbox 720 1786 1025 1848; x_wconf 88' lang='lat' dir='ltr'>praedicare,</span> <span class='ocrx_word' id='word_1_153' title='bbox 1048 1786 1206 1834; x_wconf 83' lang='lat' dir='ltr'>etiam</span> <span class='ocrx_word' id='word_1_154' title='bbox 1232 1785 1360 1834; x_wconf 86' lang='lat' dir='ltr'>anni</span> <span class='ocrx_word' id='word_1_155' title='bbox 1383 1785 1548 1834; x_wconf 89' lang='lat' dir='ltr'>totius</span> <span class='ocrx_word' id='word_1_156' title='bbox 1567 1802 1780 1833; x_wconf 89' lang='lat' dir='ltr'>emenso</span> <span class='ocrx_word' id='word_1_157' title='bbox 1802 1783 1958 1832; x_wconf 89' lang='lat' dir='ltr'>curri-</span> 
     </span>
     <span class='ocr_line' id='line_1_27' title="bbox 355 1868 1958 1933; baseline 0.001 -19"><span class='ocrx_word' id='word_1_158' title='bbox 355 1868 484 1929; x_wconf 86' lang='lat' dir='ltr'>culo,</span> <span class='ocrx_word' id='word_1_159' title='bbox 527 1868 796 1930; x_wconf 61' lang='lat' dir='ltr'>sufficias&#39;ss,</span> <span class='ocrx_word' id='word_1_160' title='bbox 840 1870 1193 1918; x_wconf 88' lang='lat' dir='ltr'>necessarium</span> <span class='ocrx_word' id='word_1_161' title='bbox 1231 1870 1358 1918; x_wconf 84' lang='lat' dir='ltr'>satis</span> <span class='ocrx_word' id='word_1_162' title='bbox 1401 1871 1493 1931; x_wconf 89' lang='lat' dir='ltr'>est,</span> <span class='ocrx_word' id='word_1_163' title='bbox 1536 1872 1596 1917; x_wconf 93' lang='lat' dir='ltr'>ut</span> <span class='ocrx_word' id='word_1_164' title='bbox 1636 1869 1812 1933; x_wconf 89' lang='lat' dir='ltr'>plures</span> <span class='ocrx_word' id='word_1_165' title='bbox 1859 1868 1958 1916; x_wconf 91' lang='lat' dir='ltr'>tibi</span> 
     </span>
     <span class='ocr_line' id='line_1_28' title="bbox 354 1951 1958 2018; baseline 0.002 -20"><span class='ocrx_word' id='word_1_166' title='bbox 354 1951 483 1998; x_wconf 85' lang='lat' dir='ltr'>sacri</span> <span class='ocrx_word' id='word_1_167' title='bbox 519 1952 690 2014; x_wconf 90' lang='lat' dir='ltr'>operis</span> <span class='ocrx_word' id='word_1_168' title='bbox 727 1953 1020 2002; x_wconf 88' lang='lat' dir='ltr'>adiutores⁷</span> <span class='ocrx_word' id='word_1_169' title='bbox 1056 1954 1301 2018; x_wconf 52' lang='lat' dir='ltr'>asssciscas,</span> <span class='ocrx_word' id='word_1_170' title='bbox 1345 1954 1679 2018; x_wconf 85' lang='lat' dir='ltr'>presbyteros</span> <span class='ocrx_word' id='word_1_171' title='bbox 1710 1953 1958 2002; x_wconf 86' lang='lat' dir='ltr'>uidelicet</span> 
     </span>
     <span class='ocr_line' id='line_1_29' title="bbox 355 2035 1960 2100; baseline 0.002 -19"><span class='ocrx_word' id='word_1_172' title='bbox 355 2035 652 2096; x_wconf 87' lang='lat' dir='ltr'>ordinando,</span> <span class='ocrx_word' id='word_1_173' title='bbox 683 2037 837 2099; x_wconf 87' lang='lat' dir='ltr'>atque</span> <span class='ocrx_word' id='word_1_174' title='bbox 870 2037 1195 2086; x_wconf 75' lang='lat' dir='ltr'>instituendo</span> <span class='ocrx_word' id='word_1_175' title='bbox 1234 2038 1485 2099; x_wconf 88' lang='lat' dir='ltr'>doctores,</span> <span class='ocrx_word' id='word_1_176' title='bbox 1517 2037 1607 2100; x_wconf 90' lang='lat' dir='ltr'>qui</span> <span class='ocrx_word' id='word_1_177' title='bbox 1643 2037 1700 2085; x_wconf 89' lang='lat' dir='ltr'>in</span> <span class='ocrx_word' id='word_1_178' title='bbox 1735 2036 1960 2098; x_wconf 88' lang='lat' dir='ltr'>singulis</span> 
     </span>
     <span class='ocr_line' id='line_1_30' title="bbox 353 2117 1961 2184; baseline 0.002 -19"><span class='ocrx_word' id='word_1_179' title='bbox 353 2117 540 2166; x_wconf 85' lang='lat' dir='ltr'>uiculis</span> <span class='ocrx_word' id='word_1_180' title='bbox 564 2120 906 2181; x_wconf 89' lang='lat' dir='ltr'>praedicando</span> <span class='ocrx_word' id='word_1_181' title='bbox 924 2121 1022 2169; x_wconf 87' lang='lat' dir='ltr'>Dei</span> <span class='ocrx_word' id='word_1_182' title='bbox 1048 2121 1220 2181; x_wconf 89' lang='lat' dir='ltr'>uerbo,</span> <span class='ocrx_word' id='word_1_183' title='bbox 1245 2124 1295 2169; x_wconf 91' lang='lat' dir='ltr'>et</span> <span class='ocrx_word' id='word_1_184' title='bbox 1316 2120 1677 2169; x_wconf 85' lang='lat' dir='ltr'>consecrandis</span> <span class='ocrx_word' id='word_1_185' title='bbox 1694 2121 1961 2184; x_wconf 87' lang='lat' dir='ltr'>mysteriis</span> 
     </span>
     <span class='ocr_line' id='line_1_31' title="bbox 355 2201 1960 2268; baseline 0.002 -20"><span class='ocrx_word' id='word_1_186' title='bbox 355 2201 675 2263; x_wconf 87' lang='lat' dir='ltr'>caelestibus,</span> <span class='ocrx_word' id='word_1_187' title='bbox 724 2219 782 2251; x_wconf 88' lang='lat' dir='ltr'>ac</span> <span class='ocrx_word' id='word_1_188' title='bbox 830 2204 1058 2253; x_wconf 77' lang='lat' dir='ltr'>maxime</span> <span class='ocrx_word' id='word_1_189' title='bbox 1105 2205 1414 2268; x_wconf 86' lang='lat' dir='ltr'>peragendis</span> <span class='ocrx_word' id='word_1_190' title='bbox 1453 2205 1584 2253; x_wconf 85' lang='lat' dir='ltr'>sacri</span> <span class='ocrx_word' id='word_1_191' title='bbox 1625 2204 1960 2267; x_wconf 87' lang='lat' dir='ltr'>baptismatis</span> 
     </span>
     <span class='ocr_line' id='line_1_32' title="bbox 356 2284 1960 2353; baseline 0.004 -23"><span class='ocrx_word' id='word_1_192' title='bbox 356 2284 549 2346; x_wconf 87' lang='lat' dir='ltr'>officiis,</span> <span class='ocrx_word' id='word_1_193' title='bbox 592 2286 683 2334; x_wconf 89' lang='lat' dir='ltr'>ubi</span> <span class='ocrx_word' id='word_1_194' title='bbox 718 2289 1044 2349; x_wconf 86' lang='lat' dir='ltr'>oportunitas</span> <span class='ocrx_word' id='word_1_195' title='bbox 1078 2289 1348 2353; x_wconf 86' lang='lat' dir='ltr'>ingruerit,</span> <span class='ocrx_word' id='word_1_196' title='bbox 1374 2289 1672 2338; x_wconf 70' lang='grc'>111515131118.</span> <span class='ocrx_word' id='word_1_197' title='bbox 1749 2288 1819 2337; x_wconf 89' lang='lat' dir='ltr'>In</span> <span class='ocrx_word' id='word_1_198' title='bbox 1857 2304 1960 2351; x_wconf 86' lang='lat' dir='ltr'>qua</span> 
     </span>
     <span class='ocr_line' id='line_1_33' title="bbox 355 2368 1959 2435; baseline 0.002 -20"><span class='ocrx_word' id='word_1_199' title='bbox 355 2368 597 2418; x_wconf 89' lang='lat' dir='ltr'>uidelicet</span> <span class='ocrx_word' id='word_1_200' title='bbox 634 2372 1018 2432; x_wconf 85' lang='lat' dir='ltr'>praedicatione</span> <span class='ocrx_word' id='word_1_201' title='bbox 1063 2373 1272 2435; x_wconf 87' lang='lat' dir='ltr'>populis</span> <span class='ocrx_word' id='word_1_202' title='bbox 1325 2373 1634 2434; x_wconf 82' lang='lat' dir='ltr'>exhibenda,</span> <span class='ocrx_word' id='word_1_203' title='bbox 1690 2373 1790 2421; x_wconf 90' lang='lat' dir='ltr'>hoc</span> <span class='ocrx_word' id='word_1_204' title='bbox 1837 2387 1959 2434; x_wconf 88' lang='lat' dir='ltr'>prae</span> 
     </span>
     <span class='ocr_line' id='line_1_34' title="bbox 356 2452 1958 2519; baseline 0.003 -21"><span class='ocrx_word' id='word_1_205' title='bbox 356 2452 538 2500; x_wconf 89' lang='lat' dir='ltr'>ceteris</span> <span class='ocrx_word' id='word_1_206' title='bbox 569 2453 714 2502; x_wconf 91' lang='lat' dir='ltr'>omni</span> <span class='ocrx_word' id='word_1_207' title='bbox 739 2454 992 2504; x_wconf 83' lang='lat' dir='ltr'>instantia</span> <span class='ocrx_word' id='word_1_208' title='bbox 1022 2458 1406 2519; x_wconf 86' lang='lat' dir='ltr'>procurandum</span> <span class='ocrx_word' id='word_1_209' title='bbox 1432 2457 1670 2518; x_wconf 85' lang='lat' dir='ltr'>arbitror,</span> <span class='ocrx_word' id='word_1_210' title='bbox 1701 2459 1761 2504; x_wconf 93' lang='lat' dir='ltr'>ut</span> <span class='ocrx_word' id='word_1_211' title='bbox 1797 2455 1958 2504; x_wconf 88' lang='lat' dir='ltr'>fidem</span> 
     </span>
     <span class='ocr_line' id='line_1_35' title="bbox 356 2535 1962 2604; baseline 0.002 -22"><span class='ocrx_word' id='word_1_212' title='bbox 356 2535 677 2598; x_wconf 89' lang='lat' dir='ltr'>catholicam,</span> <span class='ocrx_word' id='word_1_213' title='bbox 711 2555 841 2600; x_wconf 89' lang='lat' dir='ltr'>quae</span> <span class='ocrx_word' id='word_1_214' title='bbox 870 2540 1228 2601; x_wconf 91' lang='lat' dir='ltr'>apostolorum</span> <span class='ocrx_word' id='word_1_215' title='bbox 1261 2540 1537 2604; x_wconf 79' lang='lat' dir='ltr'>symbolo⁹</span> <span class='ocrx_word' id='word_1_216' title='bbox 1563 2539 1877 2600; x_wconf 85' lang='lat' dir='ltr'>continetur,</span> <span class='ocrx_word' id='word_1_217' title='bbox 1909 2540 1962 2587; x_wconf 90' lang='lat' dir='ltr'>et</span> 
     </span>
     <span class='ocr_line' id='line_1_36' title="bbox 357 2618 1961 2687; baseline 0.003 -22"><span class='ocrx_word' id='word_1_218' title='bbox 357 2618 674 2669; x_wconf 89' lang='lat' dir='ltr'>dominicam</span> <span class='ocrx_word' id='word_1_219' title='bbox 735 2622 1036 2684; x_wconf 87' lang='lat' dir='ltr'>orationem,</span> <span class='ocrx_word' id='word_1_220' title='bbox 1095 2641 1252 2686; x_wconf 87' lang='lat' dir='ltr'>quam</span> <span class='ocrx_word' id='word_1_221' title='bbox 1316 2625 1485 2672; x_wconf 89' lang='lat' dir='ltr'>sancti</span> <span class='ocrx_word' id='word_1_222' title='bbox 1543 2623 1804 2687; x_wconf 90' lang='lat' dir='ltr'>euangelii</span> <span class='ocrx_word' id='word_1_223' title='bbox 1863 2638 1961 2670; x_wconf 90' lang='lat' dir='ltr'>nos</span> 
     </span>
     <span class='ocr_line' id='line_1_37' title="bbox 358 2702 1961 2771; baseline 0.004 -23"><span class='ocrx_word' id='word_1_224' title='bbox 358 2702 612 2764; x_wconf 83' lang='lat' dir='ltr'>scriptura</span> <span class='ocrx_word' id='word_1_225' title='bbox 638 2705 828 2765; x_wconf 88' lang='lat' dir='ltr'>edocet,</span> <span class='ocrx_word' id='word_1_226' title='bbox 860 2706 1115 2768; x_wconf 91' lang='lat' dir='ltr'>omnium,</span> <span class='ocrx_word' id='word_1_227' title='bbox 1149 2706 1238 2770; x_wconf 88' lang='lat' dir='ltr'>qui</span> <span class='ocrx_word' id='word_1_228' title='bbox 1270 2708 1333 2756; x_wconf 89' lang='lat' dir='ltr'>ad</span> <span class='ocrx_word' id='word_1_229' title='bbox 1360 2709 1515 2756; x_wconf 90' lang='lat' dir='ltr'>tuum</span> <span class='ocrx_word' id='word_1_230' title='bbox 1540 2707 1778 2771; x_wconf 86' lang='lat' dir='ltr'>regimen</span> <span class='ocrx_word' id='word_1_231' title='bbox 1807 2706 1961 2770; x_wconf 87' lang='lat' dir='ltr'>perti-</span> 
     </span>
     <span class='ocr_line' id='line_1_38' title="bbox 358 2788 1961 2855; baseline 0.004 -22"><span class='ocrx_word' id='word_1_232' title='bbox 358 2788 499 2845; x_wconf 93' lang='lat' dir='ltr'>nent,</span> <span class='ocrx_word' id='word_1_233' title='bbox 536 2789 816 2837; x_wconf 89' lang='lat' dir='ltr'>memoriae</span> <span class='ocrx_word' id='word_1_234' title='bbox 855 2789 1105 2839; x_wconf 85' lang='lat' dir='ltr'>radicitus</span> <span class='ocrx_word' id='word_1_235' title='bbox 1142 2791 1361 2855; x_wconf 89' lang='lat' dir='ltr'>infigere</span> <span class='ocrx_word' id='word_1_236' title='bbox 1399 2808 1559 2840; x_wconf 88' lang='lat' dir='ltr'>cures.</span> <span class='ocrx_word' id='word_1_237' title='bbox 1638 2791 1709 2839; x_wconf 87' lang='lat' dir='ltr'>Et</span> <span class='ocrx_word' id='word_1_238' title='bbox 1746 2790 1961 2854; x_wconf 90' lang='lat' dir='ltr'>quidem</span> 
     </span>
     <span class='ocr_line' id='line_1_39' title="bbox 359 2869 1954 2937; baseline 0.004 -22"><span class='ocrx_word' id='word_1_239' title='bbox 359 2885 552 2931; x_wconf 89' lang='lat' dir='ltr'>omnes,</span> <span class='ocrx_word' id='word_1_240' title='bbox 575 2870 663 2933; x_wconf 90' lang='lat' dir='ltr'>qui</span> <span class='ocrx_word' id='word_1_241' title='bbox 683 2869 926 2920; x_wconf 88' lang='lat' dir='ltr'>Latinam</span> <span class='ocrx_word' id='word_1_242' title='bbox 944 2872 1182 2937; x_wconf 86' lang='lat' dir='ltr'>linguam</span> <span class='ocrx_word' id='word_1_243' title='bbox 1203 2874 1444 2922; x_wconf 87' lang='lat' dir='ltr'>lectionis</span> <span class='ocrx_word' id='word_1_244' title='bbox 1469 2892 1568 2924; x_wconf 88' lang='lat' dir='ltr'>usu</span> <span class='ocrx_word' id='word_1_245' title='bbox 1590 2874 1887 2923; x_wconf 90' lang='lat' dir='ltr'>didicerunt</span> <span class='ocrx_word' id='word_1_246' title='bbox 1906 2874 1954 2935; x_wconf 70' lang='lat'>³⁰,</span> 
     </span>
    </p>
   </div>
   <div class='ocr_carea' id='block_1_4' title="bbox 412 3095 1957 3152">
    <p class='ocr_par' dir='ltr' id='par_1_5' title="bbox 412 3095 1957 3152">
     <span class='ocr_line' id='line_1_40' title="bbox 412 3095 1957 3152; baseline 0.003 -17"><span class='ocrx_word' id='word_1_247' title='bbox 412 3095 422 3117; x_wconf 84' lang='lat'>¹</span> <span class='ocrx_word' id='word_1_248' title='bbox 456 3109 637 3147; x_wconf 85' lang='lat' dir='ltr'>nanque</span> <span class='ocrx_word' id='word_1_249' title='bbox 660 3098 719 3138; x_wconf 91' lang='lat' dir='ltr'>H.</span> <span class='ocrx_word' id='word_1_250' title='bbox 846 3097 861 3119; x_wconf 86' lang='lat'><strong>²</strong></span> <span class='ocrx_word' id='word_1_251' title='bbox 891 3111 1087 3150; x_wconf 86' lang='lat' dir='ltr'>namque</span> <span class='ocrx_word' id='word_1_252' title='bbox 1103 3131 1111 3141; x_wconf 94' lang='lat'><strong>.</strong></span> <span class='ocrx_word' id='word_1_253' title='bbox 1134 3131 1142 3140; x_wconf 93' lang='lat'><strong>.</strong></span> <span class='ocrx_word' id='word_1_254' title='bbox 1162 3131 1171 3140; x_wconf 90' lang='lat'><strong>.</strong></span> <span class='ocrx_word' id='word_1_255' title='bbox 1197 3131 1205 3140; x_wconf 93' lang='lat'><strong>.</strong></span> <span class='ocrx_word' id='word_1_256' title='bbox 1221 3101 1269 3138; x_wconf 86' lang='lat' dir='ltr'>in</span> <span class='ocrx_word' id='word_1_257' title='bbox 1294 3101 1377 3140; x_wconf 87' lang='lat' dir='ltr'>hoc</span> <span class='ocrx_word' id='word_1_258' title='bbox 1397 3114 1474 3141; x_wconf 81' lang='lat' dir='ltr'>om.</span> <span class='ocrx_word' id='word_1_259' title='bbox 1495 3101 1557 3142; x_wconf 94' lang='lat' dir='ltr'>H.</span> <span class='ocrx_word' id='word_1_260' title='bbox 1670 3101 1686 3124; x_wconf 79' lang='lat'>³</span> <span class='ocrx_word' id='word_1_261' title='bbox 1713 3114 1878 3152; x_wconf 83' lang='lat' dir='ltr'>magna</span> <span class='ocrx_word' id='word_1_262' title='bbox 1899 3101 1957 3141; x_wconf 92' lang='lat' dir='ltr'>M.</span> 
     </span>
    </p>
   </div>
   <div class='ocr_carea' id='block_1_5' title="bbox 356 3162 1957 3281">
    <p class='ocr_par' dir='ltr' id='par_1_6' title="bbox 356 3162 1957 3281">
     <span class='ocr_line' id='line_1_41' title="bbox 356 3162 1957 3219; baseline 0.005 -19"><span class='ocrx_word' id='word_1_263' title='bbox 356 3162 369 3185; x_wconf 88' lang='lat'><strong>⁴</strong></span> <span class='ocrx_word' id='word_1_264' title='bbox 401 3163 506 3211; x_wconf 83' lang='lat' dir='ltr'>quia</span> <span class='ocrx_word' id='word_1_265' title='bbox 526 3177 598 3203; x_wconf 80' lang='lat' dir='ltr'>om.</span> <span class='ocrx_word' id='word_1_266' title='bbox 624 3163 683 3203; x_wconf 87' lang='lat' dir='ltr'>M.</span> <span class='ocrx_word' id='word_1_267' title='bbox 869 3165 884 3188; x_wconf 84' lang='lat'>⁵</span> <span class='ocrx_word' id='word_1_268' title='bbox 915 3168 965 3204; x_wconf 87' lang='lat' dir='ltr'>tu</span> <span class='ocrx_word' id='word_1_269' title='bbox 988 3165 1045 3205; x_wconf 91' lang='lat' dir='ltr'>M.</span> <span class='ocrx_word' id='word_1_270' title='bbox 1208 3167 1223 3189; x_wconf 76' lang='lat'>⁶</span> <span class='ocrx_word' id='word_1_271' title='bbox 1253 3168 1337 3205; x_wconf 82' lang='lat' dir='ltr'>-ies</span> <span class='ocrx_word' id='word_1_272' title='bbox 1359 3166 1418 3206; x_wconf 93' lang='lat' dir='ltr'>M.</span> <span class='ocrx_word' id='word_1_273' title='bbox 1587 3166 1603 3189; x_wconf 79' lang='lat'>⁷</span> <span class='ocrx_word' id='word_1_274' title='bbox 1633 3168 1724 3207; x_wconf 79' lang='lat' dir='ltr'>adi.</span> <span class='ocrx_word' id='word_1_275' title='bbox 1746 3180 1779 3208; x_wconf 87' lang='grc'>5.</span> <span class='ocrx_word' id='word_1_276' title='bbox 1804 3181 1872 3219; x_wconf 91' lang='lat' dir='ltr'>op.</span> <span class='ocrx_word' id='word_1_277' title='bbox 1898 3168 1957 3208; x_wconf 88' lang='lat' dir='ltr'>M.</span> 
     </span>
     <span class='ocr_line' id='line_1_42' title="bbox 357 3229 1845 3281; baseline 0.005 -15"><span class='ocrx_word' id='word_1_278' title='bbox 357 3229 370 3249; x_wconf 49' lang='grc' dir='ltr'>Β</span> <span class='ocrx_word' id='word_1_279' title='bbox 400 3230 614 3268; x_wconf 69' lang='lat' dir='ltr'>assistant</span> <span class='ocrx_word' id='word_1_280' title='bbox 635 3230 693 3269; x_wconf 87' lang='lat' dir='ltr'>M.</span> <span class='ocrx_word' id='word_1_281' title='bbox 812 3230 827 3254; x_wconf 84' lang='lat'>⁹</span> <span class='ocrx_word' id='word_1_282' title='bbox 857 3232 1048 3271; x_wconf 86' lang='lat' dir='ltr'>cimbolo</span> <span class='ocrx_word' id='word_1_283' title='bbox 1070 3232 1130 3279; x_wconf 88' lang='lat' dir='ltr'>M,</span> <span class='ocrx_word' id='word_1_284' title='bbox 1151 3236 1233 3271; x_wconf 77' lang='lat' dir='ltr'>ancl</span> <span class='ocrx_word' id='word_1_285' title='bbox 1252 3246 1290 3271; x_wconf 84' lang='lat' dir='ltr'>so</span> <span class='ocrx_word' id='word_1_286' title='bbox 1312 3236 1471 3281; x_wconf 78' lang='lat' dir='ltr'>always.</span> <span class='ocrx_word' id='word_1_287' title='bbox 1589 3232 1620 3256; x_wconf 85' lang='lat'>¹⁰</span> <span class='ocrx_word' id='word_1_288' title='bbox 1649 3235 1765 3273; x_wconf 89' lang='lat' dir='ltr'>·rint</span> <span class='ocrx_word' id='word_1_289' title='bbox 1787 3234 1845 3274; x_wconf 90' lang='lat' dir='ltr'>M.</span> 
     </span>
    </p>
   </div>
   <div class='ocr_carea' id='block_1_6' title="bbox 1988 1963 2135 2011">
    <p class='ocr_par' dir='ltr' id='par_1_7' title="bbox 1988 1963 2135 2011">
     <span class='ocr_line' id='line_1_43' title="bbox 1988 1963 2135 2011; baseline 0.014 -13"><span class='ocrx_word' id='word_1_290' title='bbox 1988 1963 2014 2000; x_wconf 88' lang='lat' dir='ltr'>f.</span> <span class='ocrx_word' id='word_1_291' title='bbox 2035 1977 2083 2011; x_wconf 91' lang='lat'>90</span> <span class='ocrx_word' id='word_1_292' title='bbox 2100 1966 2135 2000; x_wconf 85' lang='lat' dir='ltr'>b.</span> 
     </span>
    </p>
   </div>
  </div>
 </body>
</html>
