<?xml version="1.0" encoding="UTF-8"?>
<!DOCTYPE html PUBLIC "-//W3C//DTD XHTML 1.0 Transitional//EN"
    "http://www.w3.org/TR/xhtml1/DTD/xhtml1-transitional.dtd">
<html xmlns="http://www.w3.org/1999/xhtml" xml:lang="en" lang="en">
 <head>
  <title>
</title>
<meta http-equiv="Content-Type" content="text/html;charset=utf-8" />
  <meta name='ocr-system' content='tesseract 3.04.00' />
  <meta name='ocr-capabilities' content='ocr_page ocr_carea ocr_par ocr_line ocrx_word'/>
</head>
<body>
  <div class='ocr_page' id='page_1' title='image "./venerabilisbaeda01bede_0489.png"; bbox 0 0 2240 3444; ppageno 0'>
   <div class='ocr_carea' id='block_1_1' title="bbox 258 127 1825 198">
    <p class='ocr_par' dir='ltr' id='par_1_1' title="bbox 258 127 1825 198">
     <span class='ocr_line' id='line_1_1' title="bbox 258 127 1825 198; baseline 0.009 -22"><span class='ocrx_word' id='word_1_1' title='bbox 258 139 355 176; x_wconf 61' lang='lat' dir='ltr'>Cn.</span> <span class='ocrx_word' id='word_1_2' title='bbox 377 133 450 185; x_wconf 76' lang='lat' dir='ltr'>IL]</span> <span class='ocrx_word' id='word_1_3' title='bbox 763 127 952 180; x_wconf 69' lang='lat' dir='ltr'>Gentis</span> <span class='ocrx_word' id='word_1_4' title='bbox 990 130 1033 180; x_wconf 83' lang='lat' dir='ltr'><strong><em>A</em></strong></span> <span class='ocrx_word' id='word_1_5' title='bbox 1053 131 1325 198; x_wconf 66' lang='lat' dir='ltr'>ngslorzwn.</span> <span class='ocrx_word' id='word_1_6' title='bbox 1724 142 1825 191; x_wconf 79' lang='lat'>283</span> 
     </span>
    </p>
   </div>
   <div class='ocr_carea' id='block_1_2' title="bbox 251 270 2098 2911">
    <p class='ocr_par' dir='ltr' id='par_1_2' title="bbox 255 270 1829 744">
     <span class='ocr_line' id='line_1_2' title="bbox 259 270 1820 336; baseline 0.008 -19"><span class='ocrx_word' id='word_1_7' title='bbox 259 270 487 318; x_wconf 87' lang='lat' dir='ltr'>sulatum</span> <span class='ocrx_word' id='word_1_8' title='bbox 532 272 790 333; x_wconf 81' lang='lat' dir='ltr'>suscepit;</span> <span class='ocrx_word' id='word_1_9' title='bbox 829 274 891 320; x_wconf 89' lang='lat' dir='ltr'>de</span> <span class='ocrx_word' id='word_1_10' title='bbox 940 291 1039 334; x_wconf 84' lang='lat' dir='ltr'>quo</span> <span class='ocrx_word' id='word_1_11' title='bbox 1077 275 1219 336; x_wconf 81' lang='lat' dir='ltr'>plura</span> <span class='ocrx_word' id='word_1_12' title='bbox 1263 278 1514 326; x_wconf 77' lang='lat' dir='ltr'>uirtutum</span> <span class='ocrx_word' id='word_1_13' title='bbox 1567 282 1820 335; x_wconf 64' lang='lat' dir='ltr'>minu-ula,</span> 
     </span>
     <span class='ocr_line' id='line_1_3' title="bbox 257 352 1826 413; baseline 0.007 -15"><span class='ocrx_word' id='word_1_14' title='bbox 257 352 346 413; x_wconf 87' lang='lat' dir='ltr'>qui</span> <span class='ocrx_word' id='word_1_15' title='bbox 366 368 484 399; x_wconf 90' lang='lat' dir='ltr'>eum</span> <span class='ocrx_word' id='word_1_16' title='bbox 509 353 832 402; x_wconf 74' lang='lat' dir='ltr'>familiariter</span> <span class='ocrx_word' id='word_1_17' title='bbox 853 359 1122 408; x_wconf 78' lang='lat' dir='ltr'>nonerunt,</span> <span class='ocrx_word' id='word_1_18' title='bbox 1146 358 1308 405; x_wconf 59' lang='lat' dir='ltr'>dicor(—</span> <span class='ocrx_word' id='word_1_19' title='bbox 1334 361 1512 412; x_wconf 56' lang='lat' dir='ltr'>solent.</span> <span class='ocrx_word' id='word_1_20' title='bbox 1536 367 1578 408; x_wconf 68' lang='lat' dir='ltr'>vt</span> <span class='ocrx_word' id='word_1_21' title='bbox 1608 365 1826 411; x_wconf 57' lang='lat' dir='ltr'>maximo</span> 
     </span>
     <span class='ocr_line' id='line_1_4' title="bbox 257 433 1826 495; baseline 0.008 -15"><span class='ocrx_word' id='word_1_22' title='bbox 257 433 336 480; x_wconf 90' lang='lat' dir='ltr'>uir</span> <span class='ocrx_word' id='word_1_23' title='bbox 384 436 836 483; x_wconf 82' lang='lat' dir='ltr'>reuerentissimus</span> <span class='ocrx_word' id='word_1_24' title='bbox 877 454 932 484; x_wconf 86' lang='lat' dir='ltr'>ac</span> <span class='ocrx_word' id='word_1_25' title='bbox 972 439 1327 486; x_wconf 75' lang='lat' dir='ltr'>ueracissimus</span> <span class='ocrx_word' id='word_1_26' title='bbox 1374 442 1684 495; x_wconf 66' lang='lat' dir='ltr'>13121·‹elln1n¹.</span> <span class='ocrx_word' id='word_1_27' title='bbox 1731 447 1826 492; x_wconf 81' lang='lat' dir='ltr'>‹lia-</span> 
     </span>
     <span class='ocr_line' id='line_1_5' title="bbox 255 518 1822 583; baseline 0.006 -20"><span class='ocrx_word' id='word_1_28' title='bbox 255 532 416 563; x_wconf 90' lang='lat' dir='ltr'>conus</span> <span class='ocrx_word' id='word_1_29' title='bbox 449 518 711 578; x_wconf 87' lang='lat' dir='ltr'>quondam</span> <span class='ocrx_word' id='word_1_30' title='bbox 750 518 872 578; x_wconf 79' lang='lat' dir='ltr'>eius,</span> <span class='ocrx_word' id='word_1_31' title='bbox 908 536 1046 567; x_wconf 90' lang='lat' dir='ltr'>nunc</span> <span class='ocrx_word' id='word_1_32' title='bbox 1084 524 1255 568; x_wconf 80' lang='lat' dir='ltr'>autom</span> <span class='ocrx_word' id='word_1_33' title='bbox 1292 522 1445 569; x_wconf 70' lang='lat' dir='ltr'>abbas</span> <span class='ocrx_word' id='word_1_34' title='bbox 1483 527 1822 583; x_wconf 45' lang='grc' dir='ltr'>ιιιωιιειείιϊίἰῖ,</span> 
     </span>
     <span class='ocr_line' id='line_1_6' title="bbox 255 599 1829 661; baseline 0.003 -16"><span class='ocrx_word' id='word_1_35' title='bbox 255 599 389 660; x_wconf 88' lang='lat' dir='ltr'>quod</span> <span class='ocrx_word' id='word_1_36' title='bbox 416 602 630 647; x_wconf 87' lang='lat' dir='ltr'>uocatur</span> <span class='ocrx_word' id='word_1_37' title='bbox 656 600 1029 661; x_wconf 66' lang='lat' dir='ltr'>Inde1·auuda³,</span> <span class='ocrx_word' id='word_1_38' title='bbox 1061 603 1111 649; x_wconf 85' lang='lat' dir='ltr'>id</span> <span class='ocrx_word' id='word_1_39' title='bbox 1141 607 1217 650; x_wconf 82' lang='lat' dir='ltr'>est</span> <span class='ocrx_word' id='word_1_40' title='bbox 1244 604 1307 650; x_wconf 82' lang='lat'>111</span> <span class='ocrx_word' id='word_1_41' title='bbox 1335 604 1464 651; x_wconf 72' lang='lat' dir='ltr'>silua</span> <span class='ocrx_word' id='word_1_42' title='bbox 1488 606 1734 653; x_wconf 7' lang='lat' dir='ltr'>lna-rorum</span> <span class='ocrx_word' id='word_1_43' title='bbox 1760 626 1768 657; x_wconf 90' lang='lat'>:</span> <span class='ocrx_word' id='word_1_44' title='bbox 1804 630 1829 650; x_wconf 59' lang='grc' dir='ltr'>«ι</span> 
     </span>
     <span class='ocr_line' id='line_1_7' title="bbox 256 681 1792 744; baseline 0.003 -16"><span class='ocrx_word' id='word_1_45' title='bbox 256 681 441 743; x_wconf 89' lang='lat' dir='ltr'>quibus</span> <span class='ocrx_word' id='word_1_46' title='bbox 461 681 634 744; x_wconf 87' lang='lat' dir='ltr'>aliqua</span> <span class='ocrx_word' id='word_1_47' title='bbox 658 683 937 731; x_wconf 88' lang='lat' dir='ltr'>memoriae</span> <span class='ocrx_word' id='word_1_48' title='bbox 962 685 1158 732; x_wconf 81' lang='lat' dir='ltr'>tradere</span> <span class='ocrx_word' id='word_1_49' title='bbox 1184 687 1510 733; x_wconf 83' lang='lat' dir='ltr'>commodum</span> <span class='ocrx_word' id='word_1_50' title='bbox 1539 688 1792 734; x_wconf 57' lang='lat' dir='ltr'>duximus.</span> 
     </span>
    </p>

    <p class='ocr_par' dir='ltr' id='par_1_3' title="bbox 251 764 1833 1818">
     <span class='ocr_line' id='line_1_8' title="bbox 323 764 1829 827; baseline 0.001 -16"><span class='ocrx_word' id='word_1_51' title='bbox 323 764 417 812; x_wconf 88' lang='lat' dir='ltr'>Est</span> <span class='ocrx_word' id='word_1_52' title='bbox 443 766 644 813; x_wconf 89' lang='lat' dir='ltr'>mansio</span> <span class='ocrx_word' id='word_1_53' title='bbox 671 767 918 827; x_wconf 79' lang='lat' dir='ltr'>quaedam</span> <span class='ocrx_word' id='word_1_54' title='bbox 949 767 1202 818; x_wconf 82' lang='lat' dir='ltr'>secretior.</span> <span class='ocrx_word' id='word_1_55' title='bbox 1234 784 1441 814; x_wconf 76' lang='lat' dir='ltr'>nemore</span> <span class='ocrx_word' id='word_1_56' title='bbox 1478 785 1587 815; x_wconf 84' lang='lat' dir='ltr'>raro</span> <span class='ocrx_word' id='word_1_57' title='bbox 1615 773 1663 816; x_wconf 67' lang='lat' dir='ltr'>vt</span> <span class='ocrx_word' id='word_1_58' title='bbox 1697 771 1829 816; x_wconf 66' lang='lat' dir='ltr'>uallo</span> 
     </span>
     <span class='ocr_line' id='line_1_9' title="bbox 255 846 1824 911; baseline 0.003 -17"><span class='ocrx_word' id='word_1_59' title='bbox 255 846 582 907; x_wconf 88' lang='lat' dir='ltr'>circumdata,</span> <span class='ocrx_word' id='word_1_60' title='bbox 638 865 744 896; x_wconf 88' lang='lat' dir='ltr'>non</span> <span class='ocrx_word' id='word_1_61' title='bbox 794 848 946 910; x_wconf 91' lang='lat' dir='ltr'>longe</span> <span class='ocrx_word' id='word_1_62' title='bbox 996 849 1059 896; x_wconf 87' lang='lat' dir='ltr'>ab</span> <span class='ocrx_word' id='word_1_63' title='bbox 1117 850 1522 911; x_wconf 76' lang='lat' dir='ltr'>Hagustaldensi</span> <span class='ocrx_word' id='word_1_64' title='bbox 1547 853 1553 873; x_wconf 79' lang='lat'>⁸</span> <span class='ocrx_word' id='word_1_65' title='bbox 1605 852 1824 903; x_wconf 68' lang='lat' dir='ltr'>ecch-sia,</span> 
     </span>
     <span class='ocr_line' id='line_1_10' title="bbox 256 929 1831 994; baseline 0.001 -18"><span class='ocrx_word' id='word_1_66' title='bbox 256 929 305 977; x_wconf 88' lang='lat' dir='ltr'>id</span> <span class='ocrx_word' id='word_1_67' title='bbox 333 932 409 977; x_wconf 88' lang='lat' dir='ltr'>est</span> <span class='ocrx_word' id='word_1_68' title='bbox 434 931 590 977; x_wconf 88' lang='lat' dir='ltr'>unius</span> <span class='ocrx_word' id='word_1_69' title='bbox 609 930 773 978; x_wconf 88' lang='lat' dir='ltr'>ferme</span> <span class='ocrx_word' id='word_1_70' title='bbox 791 931 1003 978; x_wconf 89' lang='lat' dir='ltr'>miliarii</span> <span class='ocrx_word' id='word_1_71' title='bbox 1023 934 1073 979; x_wconf 93' lang='lat' dir='ltr'>et</span> <span class='ocrx_word' id='word_1_72' title='bbox 1094 932 1295 979; x_wconf 89' lang='lat' dir='ltr'>dimidii</span> <span class='ocrx_word' id='word_1_73' title='bbox 1318 934 1481 994; x_wconf 88' lang='lat' dir='ltr'>spatio</span> <span class='ocrx_word' id='word_1_74' title='bbox 1503 932 1831 980; x_wconf 64' lang='lat' dir='ltr'>interfluente</span> 
     </span>
     <span class='ocr_line' id='line_1_11' title="bbox 254 1011 1828 1077; baseline 0.001 -18"><span class='ocrx_word' id='word_1_75' title='bbox 254 1011 386 1059; x_wconf 90' lang='lat' dir='ltr'>Tino</span> <span class='ocrx_word' id='word_1_76' title='bbox 435 1028 589 1060; x_wconf 89' lang='lat' dir='ltr'>amne</span> <span class='ocrx_word' id='word_1_77' title='bbox 642 1016 875 1075; x_wconf 86' lang='lat' dir='ltr'>separata</span> <span class='ocrx_word' id='word_1_78' title='bbox 894 1013 923 1072; x_wconf 80' lang='lat'>⁵,</span> <span class='ocrx_word' id='word_1_79' title='bbox 978 1013 1175 1061; x_wconf 88' lang='lat' dir='ltr'>habens</span> <span class='ocrx_word' id='word_1_80' title='bbox 1226 1015 1585 1077; x_wconf 77' lang='lat' dir='ltr'>clymeterium</span> <span class='ocrx_word' id='word_1_81' title='bbox 1606 1017 1620 1037; x_wconf 69' lang='lat'>‘³</span> <span class='ocrx_word' id='word_1_82' title='bbox 1668 1015 1828 1062; x_wconf 80' lang='lat' dir='ltr'>sancti</span> 
     </span>
     <span class='ocr_line' id='line_1_12' title="bbox 254 1094 1832 1158; baseline 0.002 -17"><span class='ocrx_word' id='word_1_83' title='bbox 254 1094 561 1142; x_wconf 90' lang='lat' dir='ltr'>Michahelis</span> <span class='ocrx_word' id='word_1_84' title='bbox 585 1095 891 1158; x_wconf 78' lang='lat' dir='ltr'>archangeli,</span> <span class='ocrx_word' id='word_1_85' title='bbox 915 1095 971 1142; x_wconf 94' lang='lat' dir='ltr'>in</span> <span class='ocrx_word' id='word_1_86' title='bbox 998 1112 1097 1158; x_wconf 91' lang='lat' dir='ltr'>qua</span> <span class='ocrx_word' id='word_1_87' title='bbox 1113 1096 1194 1144; x_wconf 88' lang='lat' dir='ltr'>uir</span> <span class='ocrx_word' id='word_1_88' title='bbox 1220 1097 1314 1144; x_wconf 92' lang='lat' dir='ltr'>Dei</span> <span class='ocrx_word' id='word_1_89' title='bbox 1341 1096 1556 1158; x_wconf 81' lang='lat' dir='ltr'>saepius,</span> <span class='ocrx_word' id='word_1_90' title='bbox 1580 1097 1664 1144; x_wconf 83' lang='lat' dir='ltr'>ubi</span> <span class='ocrx_word' id='word_1_91' title='bbox 1694 1115 1832 1158; x_wconf 82' lang='lat' dir='ltr'>opor-</span> 
     </span>
     <span class='ocr_line' id='line_1_13' title="bbox 253 1177 1826 1240; baseline 0.001 -16"><span class='ocrx_word' id='word_1_92' title='bbox 253 1177 449 1225; x_wconf 85' lang='lat' dir='ltr'>tunitas</span> <span class='ocrx_word' id='word_1_93' title='bbox 464 1177 731 1225; x_wconf 82' lang='lat' dir='ltr'>adridebat</span> <span class='ocrx_word' id='word_1_94' title='bbox 746 1178 1009 1239; x_wconf 77' lang='lat' dir='ltr'>temporis,</span> <span class='ocrx_word' id='word_1_95' title='bbox 1035 1181 1084 1226; x_wconf 91' lang='lat' dir='ltr'>et</span> <span class='ocrx_word' id='word_1_96' title='bbox 1101 1179 1324 1226; x_wconf 81' lang='lat' dir='ltr'>maxime</span> <span class='ocrx_word' id='word_1_97' title='bbox 1341 1179 1394 1226; x_wconf 88' lang='lat' dir='ltr'>in</span> <span class='ocrx_word' id='word_1_98' title='bbox 1413 1179 1826 1240; x_wconf 57' lang='lat' dir='ltr'>quadragesimffl,</span> 
     </span>
     <span class='ocr_line' id='line_1_14' title="bbox 253 1260 1833 1322; baseline 0.001 -15"><span class='ocrx_word' id='word_1_99' title='bbox 253 1276 461 1307; x_wconf 88' lang='lat' dir='ltr'>manere</span> <span class='ocrx_word' id='word_1_100' title='bbox 481 1276 598 1307; x_wconf 91' lang='lat' dir='ltr'>cum</span> <span class='ocrx_word' id='word_1_101' title='bbox 619 1260 806 1322; x_wconf 82' lang='lat' dir='ltr'>paucis,</span> <span class='ocrx_word' id='word_1_102' title='bbox 828 1264 981 1322; x_wconf 87' lang='lat' dir='ltr'>atque</span> <span class='ocrx_word' id='word_1_103' title='bbox 998 1261 1311 1308; x_wconf 84' lang='lat' dir='ltr'>orationibus</span> <span class='ocrx_word' id='word_1_104' title='bbox 1327 1277 1381 1308; x_wconf 90' lang='lat' dir='ltr'>ac</span> <span class='ocrx_word' id='word_1_105' title='bbox 1402 1262 1608 1308; x_wconf 86' lang='lat' dir='ltr'>lectioni</span> <span class='ocrx_word' id='word_1_106' title='bbox 1631 1262 1833 1322; x_wconf 8' lang='lat' dir='ltr'>‹eluietus</span> 
     </span>
     <span class='ocr_line' id='line_1_15' title="bbox 253 1343 1827 1405; baseline 0.001 -16"><span class='ocrx_word' id='word_1_107' title='bbox 253 1358 458 1404; x_wconf 83' lang='lat' dir='ltr'>operam</span> <span class='ocrx_word' id='word_1_108' title='bbox 485 1343 603 1390; x_wconf 84' lang='lat' dir='ltr'>dare</span> <span class='ocrx_word' id='word_1_109' title='bbox 634 1346 977 1391; x_wconf 87' lang='lat' dir='ltr'>consueuerat.</span> <span class='ocrx_word' id='word_1_110' title='bbox 1055 1343 1288 1405; x_wconf 86' lang='lat' dir='ltr'>Cumque</span> <span class='ocrx_word' id='word_1_111' title='bbox 1324 1346 1555 1405; x_wconf 90' lang='lat' dir='ltr'>tempore</span> <span class='ocrx_word' id='word_1_112' title='bbox 1593 1344 1827 1404; x_wconf 83' lang='lat' dir='ltr'>quodam,</span> 
     </span>
     <span class='ocr_line' id='line_1_16' title="bbox 253 1424 1825 1487; baseline -0.001 -14"><span class='ocrx_word' id='word_1_113' title='bbox 253 1424 536 1486; x_wconf 77' lang='lat' dir='ltr'>incipiente</span> <span class='ocrx_word' id='word_1_114' title='bbox 573 1425 976 1487; x_wconf 87' lang='lat' dir='ltr'>quadragesima,</span> <span class='ocrx_word' id='word_1_115' title='bbox 1006 1425 1199 1472; x_wconf 88' lang='lat' dir='ltr'>ibidem</span> <span class='ocrx_word' id='word_1_116' title='bbox 1237 1441 1514 1473; x_wconf 86' lang='lat' dir='ltr'>mansurus</span> <span class='ocrx_word' id='word_1_117' title='bbox 1547 1425 1825 1483; x_wconf 85' lang='lat' dir='ltr'>adueniret,</span> 
     </span>
     <span class='ocr_line' id='line_1_17' title="bbox 251 1507 1832 1570; baseline -0.001 -15"><span class='ocrx_word' id='word_1_118' title='bbox 251 1507 403 1556; x_wconf 88' lang='lat' dir='ltr'>iussit</span> <span class='ocrx_word' id='word_1_119' title='bbox 451 1507 560 1555; x_wconf 92' lang='lat' dir='ltr'>suis</span> <span class='ocrx_word' id='word_1_120' title='bbox 604 1524 844 1570; x_wconf 87' lang='lat' dir='ltr'>quaerere</span> <span class='ocrx_word' id='word_1_121' title='bbox 885 1524 1162 1570; x_wconf 87' lang='lat' dir='ltr'>pauperem</span> <span class='ocrx_word' id='word_1_122' title='bbox 1201 1507 1426 1569; x_wconf 88' lang='lat' dir='ltr'>aliquem</span> <span class='ocrx_word' id='word_1_123' title='bbox 1465 1507 1654 1554; x_wconf 91' lang='lat' dir='ltr'>maiore</span> <span class='ocrx_word' id='word_1_124' title='bbox 1696 1507 1832 1554; x_wconf 90' lang='lat' dir='ltr'>infir-</span> 
     </span>
     <span class='ocr_line' id='line_1_18' title="bbox 252 1588 1831 1653; baseline -0.002 -15"><span class='ocrx_word' id='word_1_125' title='bbox 252 1589 434 1638; x_wconf 90' lang='lat' dir='ltr'>mitate</span> <span class='ocrx_word' id='word_1_126' title='bbox 469 1590 554 1638; x_wconf 92' lang='lat' dir='ltr'>uel</span> <span class='ocrx_word' id='word_1_127' title='bbox 592 1590 766 1653; x_wconf 91' lang='lat' dir='ltr'>inopia</span> <span class='ocrx_word' id='word_1_128' title='bbox 797 1592 1082 1652; x_wconf 82' lang='lat' dir='ltr'>grauatum,</span> <span class='ocrx_word' id='word_1_129' title='bbox 1114 1607 1268 1652; x_wconf 91' lang='lat' dir='ltr'>quem</span> <span class='ocrx_word' id='word_1_130' title='bbox 1301 1606 1474 1637; x_wconf 89' lang='lat' dir='ltr'>secum</span> <span class='ocrx_word' id='word_1_131' title='bbox 1511 1590 1693 1636; x_wconf 89' lang='lat' dir='ltr'>habere</span> <span class='ocrx_word' id='word_1_132' title='bbox 1728 1588 1831 1636; x_wconf 90' lang='lat' dir='ltr'>illis</span> 
     </span>
     <span class='ocr_line' id='line_1_19' title="bbox 254 1671 1829 1735; baseline -0.002 -15"><span class='ocrx_word' id='word_1_133' title='bbox 254 1673 438 1721; x_wconf 88' lang='lat' dir='ltr'>diebus</span> <span class='ocrx_word' id='word_1_134' title='bbox 480 1673 543 1722; x_wconf 89' lang='lat' dir='ltr'>ad</span> <span class='ocrx_word' id='word_1_135' title='bbox 584 1673 873 1721; x_wconf 84' lang='lat' dir='ltr'>faciendam</span> <span class='ocrx_word' id='word_1_136' title='bbox 916 1672 1258 1735; x_wconf 86' lang='lat' dir='ltr'>elimosynam</span> <span class='ocrx_word' id='word_1_137' title='bbox 1300 1675 1543 1734; x_wconf 80' lang='lat' dir='ltr'>possent3</span> <span class='ocrx_word' id='word_1_138' title='bbox 1581 1671 1652 1719; x_wconf 90' lang='lat' dir='ltr'>sic</span> <span class='ocrx_word' id='word_1_139' title='bbox 1692 1671 1829 1718; x_wconf 88' lang='lat' dir='ltr'>enim</span> 
     </span>
     <span class='ocr_line' id='line_1_20' title="bbox 255 1756 878 1818; baseline 0 -15"><span class='ocrx_word' id='word_1_140' title='bbox 255 1771 457 1818; x_wconf 85' lang='lat' dir='ltr'>semper</span> <span class='ocrx_word' id='word_1_141' title='bbox 482 1756 646 1804; x_wconf 85' lang='lat' dir='ltr'>facere</span> <span class='ocrx_word' id='word_1_142' title='bbox 671 1756 878 1804; x_wconf 87' lang='lat' dir='ltr'>solebat.</span> 
     </span>
    </p>

    <p class='ocr_par' dir='ltr' id='par_1_4' title="bbox 252 1836 2098 2894">
     <span class='ocr_line' id='line_1_21' title="bbox 321 1836 2098 1901; baseline -0.003 -14"><span class='ocrx_word' id='word_1_143' title='bbox 321 1839 448 1887; x_wconf 88' lang='lat' dir='ltr'>Erat</span> <span class='ocrx_word' id='word_1_144' title='bbox 472 1841 648 1886; x_wconf 90' lang='lat' dir='ltr'>autem</span> <span class='ocrx_word' id='word_1_145' title='bbox 678 1838 733 1886; x_wconf 90' lang='lat' dir='ltr'>in</span> <span class='ocrx_word' id='word_1_146' title='bbox 758 1838 886 1886; x_wconf 89' lang='lat' dir='ltr'>uilla</span> <span class='ocrx_word' id='word_1_147' title='bbox 919 1855 1024 1886; x_wconf 92' lang='lat' dir='ltr'>non</span> <span class='ocrx_word' id='word_1_148' title='bbox 1050 1838 1201 1901; x_wconf 87' lang='lat' dir='ltr'>longe</span> <span class='ocrx_word' id='word_1_149' title='bbox 1233 1837 1399 1900; x_wconf 92' lang='lat' dir='ltr'>posita</span> <span class='ocrx_word' id='word_1_150' title='bbox 1425 1836 1632 1898; x_wconf 88' lang='lat' dir='ltr'>quidam</span> <span class='ocrx_word' id='word_1_151' title='bbox 1669 1836 1834 1883; x_wconf 89' lang='lat' dir='ltr'>adule-</span> <span class='ocrx_word' id='word_1_152' title='bbox 1865 1849 1924 1883; x_wconf 58' lang='lat' dir='ltr'>He</span> <span class='ocrx_word' id='word_1_153' title='bbox 1944 1860 2058 1884; x_wconf 62' lang='lat' dir='ltr'>eures</span> <span class='ocrx_word' id='word_1_154' title='bbox 2077 1860 2098 1882; x_wconf 78' lang='lat' dir='ltr'>a</span> 
     </span>
     <span class='ocr_line' id='line_1_22' title="bbox 254 1900 2091 1983; baseline -0.004 -13"><span class='ocrx_word' id='word_1_155' title='bbox 254 1938 401 1970; x_wconf 91' lang='lat' dir='ltr'>scens</span> <span class='ocrx_word' id='word_1_156' title='bbox 436 1924 630 1982; x_wconf 82' lang='lat' dir='ltr'>mutus,</span> <span class='ocrx_word' id='word_1_157' title='bbox 673 1921 908 1983; x_wconf 86' lang='lat' dir='ltr'>episcopo</span> <span class='ocrx_word' id='word_1_158' title='bbox 949 1923 1117 1980; x_wconf 87' lang='lat' dir='ltr'>notus,</span> <span class='ocrx_word' id='word_1_159' title='bbox 1161 1937 1282 1967; x_wconf 88' lang='lat' dir='ltr'>nam</span> <span class='ocrx_word' id='word_1_160' title='bbox 1319 1919 1517 1980; x_wconf 56' lang='lat' dir='ltr'>soepius</span> <span class='ocrx_word' id='word_1_161' title='bbox 1541 1921 1658 1965; x_wconf 83' lang='lat' dir='ltr'>ante</span> <span class='ocrx_word' id='word_1_162' title='bbox 1683 1918 1832 1965; x_wconf 89' lang='lat' dir='ltr'>illum</span> <span class='ocrx_word' id='word_1_163' title='bbox 1865 1900 2091 1941; x_wconf 61' lang='lat' dir='ltr'>‘¹¹¹mbb⁴’³²</span> 
     </span>
     <span class='ocr_line' id='line_1_23' title="bbox 252 2000 1832 2067; baseline -0.005 -14"><span class='ocrx_word' id='word_1_164' title='bbox 252 2004 607 2067; x_wconf 86' lang='lat' dir='ltr'>percipiendae</span> <span class='ocrx_word' id='word_1_165' title='bbox 634 2005 952 2067; x_wconf 75' lang='lat' dir='ltr'>elimosynas</span> <span class='ocrx_word' id='word_1_166' title='bbox 976 2003 1138 2066; x_wconf 84' lang='lat' dir='ltr'>gratia</span> <span class='ocrx_word' id='word_1_167' title='bbox 1161 2001 1340 2050; x_wconf 88' lang='lat' dir='ltr'>uenire</span> <span class='ocrx_word' id='word_1_168' title='bbox 1365 2003 1712 2058; x_wconf 87' lang='lat' dir='ltr'>consueuerat,</span> <span class='ocrx_word' id='word_1_169' title='bbox 1745 2000 1832 2062; x_wconf 88' lang='lat' dir='ltr'>qui</span> 
     </span>
     <span class='ocr_line' id='line_1_24' title="bbox 254 2083 1833 2149; baseline -0.005 -13"><span class='ocrx_word' id='word_1_170' title='bbox 254 2104 319 2135; x_wconf 92' lang='lat' dir='ltr'>ne</span> <span class='ocrx_word' id='word_1_171' title='bbox 344 2104 510 2136; x_wconf 89' lang='lat' dir='ltr'>unum</span> <span class='ocrx_word' id='word_1_172' title='bbox 538 2087 748 2149; x_wconf 87' lang='lat' dir='ltr'>quidem</span> <span class='ocrx_word' id='word_1_173' title='bbox 775 2102 1069 2135; x_wconf 87' lang='lat' dir='ltr'>sermonem</span> <span class='ocrx_word' id='word_1_174' title='bbox 1102 2100 1351 2146; x_wconf 88' lang='lat' dir='ltr'>umquam</span> <span class='ocrx_word' id='word_1_175' title='bbox 1384 2083 1572 2145; x_wconf 88' lang='lat' dir='ltr'>profari</span> <span class='ocrx_word' id='word_1_176' title='bbox 1603 2086 1794 2144; x_wconf 82' lang='lat' dir='ltr'>poterat</span> <span class='ocrx_word' id='word_1_177' title='bbox 1824 2099 1833 2139; x_wconf 92' lang='lat'>;</span> 
     </span>
     <span class='ocr_line' id='line_1_25' title="bbox 255 2165 1834 2226; baseline -0.006 -7"><span class='ocrx_word' id='word_1_178' title='bbox 255 2171 343 2219; x_wconf 91' lang='lat' dir='ltr'>sed</span> <span class='ocrx_word' id='word_1_179' title='bbox 369 2173 422 2219; x_wconf 90' lang='lat' dir='ltr'>et</span> <span class='ocrx_word' id='word_1_180' title='bbox 447 2170 672 2219; x_wconf 87' lang='lat' dir='ltr'>scabiem</span> <span class='ocrx_word' id='word_1_181' title='bbox 699 2171 899 2217; x_wconf 86' lang='lat' dir='ltr'>tantam</span> <span class='ocrx_word' id='word_1_182' title='bbox 924 2185 980 2216; x_wconf 85' lang='lat' dir='ltr'>ac</span> <span class='ocrx_word' id='word_1_183' title='bbox 1000 2168 1226 2216; x_wconf 87' lang='lat' dir='ltr'>furfures</span> <span class='ocrx_word' id='word_1_184' title='bbox 1252 2166 1468 2215; x_wconf 89' lang='lat' dir='ltr'>habebat</span> <span class='ocrx_word' id='word_1_185' title='bbox 1494 2167 1549 2213; x_wconf 90' lang='lat' dir='ltr'>in</span> <span class='ocrx_word' id='word_1_186' title='bbox 1576 2165 1752 2226; x_wconf 85' lang='lat' dir='ltr'>capite,</span> <span class='ocrx_word' id='word_1_187' title='bbox 1780 2167 1834 2211; x_wconf 82' lang='lat' dir='ltr'>ut</span> 
     </span>
     <span class='ocr_line' id='line_1_26' title="bbox 253 2246 1834 2316; baseline -0.006 -15"><span class='ocrx_word' id='word_1_188' title='bbox 253 2253 331 2301; x_wconf 91' lang='lat' dir='ltr'>nil</span> <span class='ocrx_word' id='word_1_189' title='bbox 367 2270 620 2316; x_wconf 90' lang='lat' dir='ltr'>umquam</span> <span class='ocrx_word' id='word_1_190' title='bbox 657 2252 962 2314; x_wconf 87' lang='lat' dir='ltr'>capillorum</span> <span class='ocrx_word' id='word_1_191' title='bbox 1000 2251 1047 2299; x_wconf 91' lang='lat' dir='ltr'>ei</span> <span class='ocrx_word' id='word_1_192' title='bbox 1084 2252 1139 2298; x_wconf 91' lang='lat' dir='ltr'>in</span> <span class='ocrx_word' id='word_1_193' title='bbox 1179 2249 1437 2311; x_wconf 88' lang='lat' dir='ltr'>superiore</span> <span class='ocrx_word' id='word_1_194' title='bbox 1477 2249 1619 2309; x_wconf 85' lang='lat' dir='ltr'>parte</span> <span class='ocrx_word' id='word_1_195' title='bbox 1656 2246 1834 2308; x_wconf 66' lang='lat' dir='ltr'>capitis¹</span> 
     </span>
     <span class='ocr_line' id='line_1_27' title="bbox 253 2330 1834 2398; baseline -0.007 -12"><span class='ocrx_word' id='word_1_196' title='bbox 253 2337 396 2386; x_wconf 86' lang='lat' dir='ltr'>nasci</span> <span class='ocrx_word' id='word_1_197' title='bbox 430 2337 638 2398; x_wconf 83' lang='lat' dir='ltr'>ualeret,</span> <span class='ocrx_word' id='word_1_198' title='bbox 677 2338 886 2383; x_wconf 86' lang='lat' dir='ltr'>tantum</span> <span class='ocrx_word' id='word_1_199' title='bbox 922 2336 978 2382; x_wconf 92' lang='lat' dir='ltr'>in</span> <span class='ocrx_word' id='word_1_200' title='bbox 1018 2333 1233 2381; x_wconf 84' lang='lat' dir='ltr'>circuitu</span> <span class='ocrx_word' id='word_1_201' title='bbox 1274 2331 1466 2380; x_wconf 88' lang='lat' dir='ltr'>horridi</span> <span class='ocrx_word' id='word_1_202' title='bbox 1502 2330 1666 2378; x_wconf 85' lang='lat' dir='ltr'>crines</span> <span class='ocrx_word' id='word_1_203' title='bbox 1703 2332 1834 2376; x_wconf 82' lang='lat' dir='ltr'>stare</span> 
     </span>
     <span class='ocr_line' id='line_1_28' title="bbox 256 2411 1829 2480; baseline -0.008 -13"><span class='ocrx_word' id='word_1_204' title='bbox 256 2418 581 2467; x_wconf 86' lang='lat' dir='ltr'>uidebantur.</span> <span class='ocrx_word' id='word_1_205' title='bbox 657 2418 817 2466; x_wconf 91' lang='lat' dir='ltr'>Hunc</span> <span class='ocrx_word' id='word_1_206' title='bbox 855 2434 974 2480; x_wconf 86' lang='lat' dir='ltr'>ergo</span> <span class='ocrx_word' id='word_1_207' title='bbox 1013 2414 1198 2464; x_wconf 88' lang='lat' dir='ltr'>adduci</span> <span class='ocrx_word' id='word_1_208' title='bbox 1235 2412 1511 2475; x_wconf 58' lang='lat' dir='ltr'>praecipit*</span> <span class='ocrx_word' id='word_1_209' title='bbox 1553 2411 1829 2472; x_wconf 45' lang='lat' dir='ltr'>episcopus</span> 
     </span>
     <span class='ocr_line' id='line_1_29' title="bbox 257 2491 1831 2563; baseline -0.009 -13"><span class='ocrx_word' id='word_1_210' title='bbox 257 2504 308 2550; x_wconf 91' lang='lat' dir='ltr'>et</span> <span class='ocrx_word' id='word_1_211' title='bbox 332 2501 379 2549; x_wconf 89' lang='lat' dir='ltr'>ei</span> <span class='ocrx_word' id='word_1_212' title='bbox 403 2501 460 2549; x_wconf 92' lang='lat' dir='ltr'>in</span> <span class='ocrx_word' id='word_1_213' title='bbox 485 2500 745 2563; x_wconf 75' lang='lat' dir='ltr'>conseptis</span> <span class='ocrx_word' id='word_1_214' title='bbox 764 2500 995 2548; x_wconf 89' lang='lat' dir='ltr'>eiusdem</span> <span class='ocrx_word' id='word_1_215' title='bbox 1015 2496 1299 2546; x_wconf 89' lang='lat' dir='ltr'>mansionis</span> <span class='ocrx_word' id='word_1_216' title='bbox 1324 2510 1542 2557; x_wconf 89' lang='lat' dir='ltr'>paruum</span> <span class='ocrx_word' id='word_1_217' title='bbox 1569 2491 1831 2553; x_wconf 84' lang='lat' dir='ltr'>tugurium</span> 
     </span>
     <span class='ocr_line' id='line_1_30' title="bbox 257 2574 1826 2646; baseline -0.008 -15"><span class='ocrx_word' id='word_1_218' title='bbox 257 2584 382 2644; x_wconf 83' lang='lat' dir='ltr'>fieri,</span> <span class='ocrx_word' id='word_1_219' title='bbox 408 2584 463 2631; x_wconf 90' lang='lat' dir='ltr'>in</span> <span class='ocrx_word' id='word_1_220' title='bbox 489 2601 590 2646; x_wconf 89' lang='lat' dir='ltr'>quo</span> <span class='ocrx_word' id='word_1_221' title='bbox 610 2598 827 2631; x_wconf 90' lang='lat' dir='ltr'>manens</span> <span class='ocrx_word' id='word_1_222' title='bbox 847 2581 1157 2629; x_wconf 74' lang='lat' dir='ltr'>cotidianam</span> <span class='ocrx_word' id='word_1_223' title='bbox 1182 2579 1244 2625; x_wconf 90' lang='lat' dir='ltr'>ab</span> <span class='ocrx_word' id='word_1_224' title='bbox 1270 2577 1341 2624; x_wconf 91' lang='lat' dir='ltr'>eis</span> <span class='ocrx_word' id='word_1_225' title='bbox 1366 2576 1549 2637; x_wconf 80' lang='lat' dir='ltr'>stipem</span> <span class='ocrx_word' id='word_1_226' title='bbox 1570 2574 1826 2634; x_wconf 73' lang='lat' dir='ltr'>acciperet.</span> 
     </span>
     <span class='ocr_line' id='line_1_31' title="bbox 257 2655 1828 2728; baseline -0.01 -14"><span class='ocrx_word' id='word_1_227' title='bbox 257 2667 492 2728; x_wconf 88' lang='lat' dir='ltr'>Cumque</span> <span class='ocrx_word' id='word_1_228' title='bbox 527 2682 632 2712; x_wconf 92' lang='lat' dir='ltr'>una</span> <span class='ocrx_word' id='word_1_229' title='bbox 662 2663 1080 2727; x_wconf 83' lang='lat' dir='ltr'>quadragesimae</span> <span class='ocrx_word' id='word_1_230' title='bbox 1116 2663 1247 2708; x_wconf 90' lang='lat' dir='ltr'>esset</span> <span class='ocrx_word' id='word_1_231' title='bbox 1281 2658 1493 2720; x_wconf 78' lang='lat' dir='ltr'>impleta</span> <span class='ocrx_word' id='word_1_232' title='bbox 1528 2655 1828 2716; x_wconf 77' lang='lat' dir='ltr'>septimana,</span> 
     </span>
     <span class='ocr_line' id='line_1_32' title="bbox 257 2735 1830 2811; baseline -0.011 -14"><span class='ocrx_word' id='word_1_233' title='bbox 257 2750 504 2811; x_wconf 88' lang='lat' dir='ltr'>sequente</span> <span class='ocrx_word' id='word_1_234' title='bbox 542 2747 801 2795; x_wconf 89' lang='lat' dir='ltr'>dominica</span> <span class='ocrx_word' id='word_1_235' title='bbox 837 2745 988 2793; x_wconf 90' lang='lat' dir='ltr'>iussit</span> <span class='ocrx_word' id='word_1_236' title='bbox 1023 2745 1084 2792; x_wconf 89' lang='lat' dir='ltr'>ad</span> <span class='ocrx_word' id='word_1_237' title='bbox 1122 2759 1176 2790; x_wconf 89' lang='lat' dir='ltr'>se</span> <span class='ocrx_word' id='word_1_238' title='bbox 1212 2743 1405 2789; x_wconf 86' lang='lat' dir='ltr'>intrare</span> <span class='ocrx_word' id='word_1_239' title='bbox 1443 2753 1728 2800; x_wconf 67' lang='lat' dir='ltr'>pauperem,</span> <span class='ocrx_word' id='word_1_240' title='bbox 1762 2735 1830 2781; x_wconf 86' lang='lat' dir='ltr'>in—</span> 
     </span>
     <span class='ocr_line' id='line_1_33' title="bbox 256 2817 1831 2894; baseline -0.01 -16"><span class='ocrx_word' id='word_1_241' title='bbox 256 2847 430 2894; x_wconf 86' lang='lat' dir='ltr'>gresso</span> <span class='ocrx_word' id='word_1_242' title='bbox 454 2829 690 2893; x_wconf 84' lang='lat' dir='ltr'>linguam</span> <span class='ocrx_word' id='word_1_243' title='bbox 711 2828 936 2892; x_wconf 87' lang='lat' dir='ltr'>proferre</span> <span class='ocrx_word' id='word_1_244' title='bbox 960 2843 1022 2875; x_wconf 86' lang='lat' dir='ltr'>ex</span> <span class='ocrx_word' id='word_1_245' title='bbox 1048 2842 1144 2885; x_wconf 83' lang='lat' dir='ltr'>ore,</span> <span class='ocrx_word' id='word_1_246' title='bbox 1169 2840 1225 2872; x_wconf 89' lang='lat' dir='ltr'>ac</span> <span class='ocrx_word' id='word_1_247' title='bbox 1251 2822 1348 2870; x_wconf 87' lang='lat' dir='ltr'>sibi</span> <span class='ocrx_word' id='word_1_248' title='bbox 1368 2820 1633 2868; x_wconf 78' lang='lat' dir='ltr'>ostendere</span> <span class='ocrx_word' id='word_1_249' title='bbox 1654 2817 1797 2864; x_wconf 79' lang='lat' dir='ltr'>iussit</span> <span class='ocrx_word' id='word_1_250' title='bbox 1822 2835 1831 2873; x_wconf 91' lang='lat'>;</span> 
     </span>
    </p>

    <p class='ocr_par' dir='ltr' id='par_1_5' title="bbox 591 2895 600 2911">
     <span class='ocr_line' id='line_1_34' title="bbox 591 2895 600 2911; baseline 0 0"><span class='ocrx_word' id='word_1_251' title='bbox 591 2895 600 2911; x_wconf 73' lang='lat'><strong>.</strong></span> 
     </span>
    </p>
   </div>
   <div class='ocr_carea' id='block_1_3' title="bbox 1647 2972 1829 3021">
    <p class='ocr_par' dir='ltr' id='par_1_6' title="bbox 1647 2972 1829 3021">
     <span class='ocr_line' id='line_1_35' title="bbox 1647 2972 1829 3021; baseline -0.005 -14"><span class='ocrx_word' id='word_1_252' title='bbox 1647 2972 1661 2993; x_wconf 84' lang='lat'>⁵</span> <span class='ocrx_word' id='word_1_253' title='bbox 1690 2987 1718 3008; x_wconf 61' lang='lat' dir='ltr'>sc</span> <span class='ocrx_word' id='word_1_254' title='bbox 1726 2984 1787 3021; x_wconf 58' lang='lat' dir='ltr'>*pv</span> <span class='ocrx_word' id='word_1_255' title='bbox 1795 2985 1829 3009; x_wconf 81' lang='lat'>1·-</span> 
     </span>
    </p>
   </div>
   <div class='ocr_carea' id='block_1_4' title="bbox 253 2975 1828 3234">
    <p class='ocr_par' dir='ltr' id='par_1_7' title="bbox 253 2975 1828 3234">
     <span class='ocr_line' id='line_1_36' title="bbox 309 2975 1521 3026; baseline -0.011 0"><span class='ocrx_word' id='word_1_256' title='bbox 309 2985 323 3008; x_wconf 84' lang='lat'>¹</span> <span class='ocrx_word' id='word_1_257' title='bbox 352 2986 502 3024; x_wconf 86' lang='lat' dir='ltr'>berht·</span> <span class='ocrx_word' id='word_1_258' title='bbox 523 2985 568 3025; x_wconf 82' lang='lat' dir='ltr'>G.</span> <span class='ocrx_word' id='word_1_259' title='bbox 685 2983 700 3006; x_wconf 87' lang='lat'><strong>²</strong></span> <span class='ocrx_word' id='word_1_260' title='bbox 730 2986 787 3023; x_wconf 85' lang='lat' dir='ltr'>-ri</span> <span class='ocrx_word' id='word_1_261' title='bbox 809 2984 865 3023; x_wconf 89' lang='lat' dir='ltr'>M.</span> <span class='ocrx_word' id='word_1_262' title='bbox 982 2982 995 3004; x_wconf 84' lang='lat'>³</span> <span class='ocrx_word' id='word_1_263' title='bbox 1023 2981 1164 3020; x_wconf 88' lang='lat' dir='ltr'>-uudu</span> <span class='ocrx_word' id='word_1_264' title='bbox 1187 2980 1230 3018; x_wconf 88' lang='lat' dir='ltr'>C.</span> <span class='ocrx_word' id='word_1_265' title='bbox 1346 2977 1356 2998; x_wconf 70' lang='lat'><strong>⁴</strong></span> <span class='ocrx_word' id='word_1_266' title='bbox 1387 2989 1456 3026; x_wconf 80' lang='lat' dir='ltr'>ag·</span> <span class='ocrx_word' id='word_1_267' title='bbox 1478 2975 1521 3013; x_wconf 88' lang='lat' dir='ltr'>C.</span> 
     </span>
     <span class='ocr_line' id='line_1_37' title="bbox 256 3037 1828 3099; baseline -0.013 -7"><span class='ocrx_word' id='word_1_268' title='bbox 256 3053 312 3092; x_wconf 90' lang='lat' dir='ltr'>M.</span> <span class='ocrx_word' id='word_1_269' title='bbox 338 3052 399 3091; x_wconf 43' lang='grc' dir='ltr'>Οἱ.</span> <span class='ocrx_word' id='word_1_270' title='bbox 593 3052 608 3074; x_wconf 83' lang='lat'><strong>⁶</strong></span> <span class='ocrx_word' id='word_1_271' title='bbox 635 3053 690 3089; x_wconf 84' lang='lat' dir='ltr'>sic</span> <span class='ocrx_word' id='word_1_272' title='bbox 711 3051 767 3090; x_wconf 91' lang='lat' dir='ltr'>M.</span> <span class='ocrx_word' id='word_1_273' title='bbox 789 3051 825 3088; x_wconf 91' lang='lat' dir='ltr'>B</span> <span class='ocrx_word' id='word_1_274' title='bbox 847 3063 857 3098; x_wconf 90' lang='lat'>;</span> <span class='ocrx_word' id='word_1_275' title='bbox 887 3049 1187 3099; x_wconf 84' lang='lat' dir='ltr'>clymiterium</span> <span class='ocrx_word' id='word_1_276' title='bbox 1211 3045 1248 3083; x_wconf 87' lang='lat' dir='ltr'>N</span> <span class='ocrx_word' id='word_1_277' title='bbox 1270 3057 1278 3091; x_wconf 94' lang='lat'><strong>;</strong></span> <span class='ocrx_word' id='word_1_278' title='bbox 1308 3040 1595 3081; x_wconf 61' lang='lat' dir='ltr'>dimin-rium</span> <span class='ocrx_word' id='word_1_279' title='bbox 1621 3038 1678 3088; x_wconf 84' lang='lat' dir='ltr'>II¹</span> <span class='ocrx_word' id='word_1_280' title='bbox 1703 3050 1712 3084; x_wconf 90' lang='lat'>;</span> <span class='ocrx_word' id='word_1_281' title='bbox 1742 3037 1828 3084; x_wconf 65' lang='lat' dir='ltr'>‹ly-</span> 
     </span>
     <span class='ocr_line' id='line_1_38' title="bbox 254 3106 1825 3161; baseline -0.011 -5"><span class='ocrx_word' id='word_1_282' title='bbox 254 3119 487 3157; x_wconf 90' lang='lat' dir='ltr'>mitorium</span> <span class='ocrx_word' id='word_1_283' title='bbox 509 3117 553 3156; x_wconf 84' lang='lat' dir='ltr'>C.</span> <span class='ocrx_word' id='word_1_284' title='bbox 580 3116 634 3155; x_wconf 91' lang='lat' dir='ltr'>D.</span> <span class='ocrx_word' id='word_1_285' title='bbox 654 3115 727 3156; x_wconf 63' lang='lat' dir='ltr'>&amp;Q</span> <span class='ocrx_word' id='word_1_286' title='bbox 858 3113 872 3134; x_wconf 79' lang='lat'>⁷</span> <span class='ocrx_word' id='word_1_287' title='bbox 901 3115 1023 3153; x_wconf 87' lang='lat' dir='ltr'>xlma</span> <span class='ocrx_word' id='word_1_288' title='bbox 1044 3112 1098 3151; x_wconf 89' lang='grc' dir='ltr'>Μ.</span> <span class='ocrx_word' id='word_1_289' title='bbox 1121 3112 1164 3161; x_wconf 87' lang='lat' dir='ltr'>C,</span> <span class='ocrx_word' id='word_1_290' title='bbox 1188 3113 1267 3148; x_wconf 70' lang='lat' dir='ltr'>ancl</span> <span class='ocrx_word' id='word_1_291' title='bbox 1286 3122 1324 3146; x_wconf 84' lang='lat' dir='ltr'>so</span> <span class='ocrx_word' id='word_1_292' title='bbox 1345 3109 1567 3153; x_wconf 68' lang='lat' dir='ltr'>throuyhont</span> <span class='ocrx_word' id='word_1_293' title='bbox 1589 3107 1645 3141; x_wconf 70' lang='lat' dir='ltr'>the</span> <span class='ocrx_word' id='word_1_294' title='bbox 1666 3106 1783 3148; x_wconf 65' lang='lat' dir='ltr'>chaph</span> <span class='ocrx_word' id='word_1_295' title='bbox 1797 3115 1825 3139; x_wconf 81' lang='lat' dir='ltr'>r.</span> 
     </span>
     <span class='ocr_line' id='line_1_39' title="bbox 253 3182 495 3234; baseline -0.008 -10"><span class='ocrx_word' id='word_1_296' title='bbox 253 3183 267 3205; x_wconf 58' lang='grc' dir='ltr'>Β</span> <span class='ocrx_word' id='word_1_297' title='bbox 295 3184 431 3234; x_wconf 88' lang='lat' dir='ltr'>-cepit</span> <span class='ocrx_word' id='word_1_298' title='bbox 451 3182 495 3222; x_wconf 84' lang='lat' dir='ltr'>C.</span> 
     </span>
    </p>
   </div>
  </div>
 </body>
</html>
