2240 3444
30 1529 115 1566 Cor.
136 1527 191 1563 iii.

47 1630 92 1673 48
110 1639 143 1664 a.

234 158 332 195 Cn».
351 150 444 202 vn]
734 134 925 190 Gentis
964 132 1303 201 Angylorum.
1712 126 1813 177 137

233 303 319 334 rex
356 281 579 334 Osuald¹
619 280 929 345 postulasset
971 276 1275 335 antistitem,
1320 273 1410 335 qui
1452 271 1549 319 sibi
1594 286 1814 330 suaeque

231 368 375 431 genti
419 367 636 415 uerbum
675 363 795 411 fidei
837 360 1171 419 ministraret,
1219 357 1410 404 missus
1451 353 1607 400 fuerit
1649 352 1814 413 primo

231 451 362 498 alius
400 446 693 496 austerioris
729 443 892 493 animi
928 442 1021 502 uir,
1054 440 1157 503 qui,
1189 455 1308 486 cum
1339 435 1635 498 aliquandiu
1675 433 1816 496 genti

233 533 528 595 Anglorum
563 529 862 593 praedicans
904 524 1039 573 nihil
1078 522 1357 586 proficeret,
1404 535 1497 566 nee
1535 518 1756 564 libenter
1792 532 1819 562 a

233 614 420 677 populo
456 612 728 668 audiretur,
759 608 967 657 redierit
1005 605 1239 669 patriam,
1277 605 1430 664 atque
1464 601 1518 647 in
1556 600 1818 647 conuentu

231 697 495 745 seniorum
532 692 804 750 rettulerit,
849 690 968 754 quia
1001 688 1077 736 nil
1116 687 1355 750 prodesse
1395 682 1620 731 docendo
1657 680 1814 743 genti,

232 779 295 827 ad
322 794 479 841 quam
501 777 691 824 missus
710 776 829 834 erat,
854 771 1122 835 potuisset,
1154 786 1213 817 eo
1234 766 1369 830 quod
1390 766 1562 814 essent
1581 762 1820 811 homines

233 859 575 908 indomabiles
594 860 624 918 ⁴³,
669 859 720 905 et
762 856 917 903 durae
955 870 1012 901 ac
1048 852 1292 900 barbarae
1329 847 1532 896 mentis.
1611 845 1685 892 At
1722 844 1815 904 illi,

235 945 293 990 ut
340 941 629 1005 perhibent,
683 939 963 986 tractatum
1010 950 1260 997 magnum
1309 933 1366 980 in
1415 928 1642 988 concilio,
1696 926 1820 988 quid

235 1027 369 1072 esset
388 1023 661 1086 agendum,
686 1021 874 1069 habere
894 1018 1171 1080 coeperunt
1196 1033 1207 1075 3
1246 1013 1593 1062 desiderantes
1613 1009 1821 1071 quidem

235 1107 392 1170 genti,
434 1122 588 1169 quam
629 1103 954 1167 petebantur,
1004 1099 1160 1148 saluti
1197 1113 1319 1157 esse,
1367 1096 1456 1144 sed
1499 1095 1561 1142 de
1597 1109 1703 1140 non
1745 1108 1820 1138 re-

236 1193 394 1252 cepto,
439 1205 593 1251 quem
635 1187 883 1234 miserant
898 1184 928 1241 3,
975 1181 1322 1245 praedicatore
1364 1177 1609 1226 dolentes.
1686 1175 1822 1222 Tum

236 1273 306 1321 ait
331 1272 513 1320 Aedan
529 1272 560 1332 ⁴,
591 1286 715 1318 nam
743 1270 794 1316 et
824 1269 933 1329 ipse
963 1264 1177 1314 concilio
1209 1262 1471 1321 intererat,
1502 1259 1565 1306 ad
1596 1273 1730 1316 eum,
1761 1256 1823 1303 de

237 1372 337 1418 quo
363 1354 618 1417 agebatur,
651 1351 1000 1400 sacerdotem:
1044 1347 1296 1396 ‘Uidetur
1325 1343 1471 1403 mihi,
1503 1341 1672 1400 frater,
1704 1339 1824 1400 quia

238 1438 414 1487 durior
433 1437 569 1484 iusto
594 1434 817 1483 indoctis
837 1433 853 1458 ⁵
879 1431 1197 1480 auditoribus
1216 1427 1375 1485 fuisti,
1400 1428 1451 1473 et
1469 1442 1575 1473 non
1594 1424 1667 1470 eis
1682 1423 1824 1470 iuxta

237 1520 568 1584 apostolicam
602 1517 930 1580 disciplinam
965 1515 1134 1576 primo
1170 1512 1247 1560 lac
1283 1509 1541 1558 doctrinae
1573 1505 1824 1554 mollioris

238 1603 526 1667 porrexisti,
587 1602 749 1650 donec
808 1598 1061 1662 paulatim
1095 1593 1099 1660 Ι
1132 1593 1348 1643 enutriti
1393 1591 1549 1639 uerbo
1597 1588 1708 1648 Dei,
1762 1588 1824 1635 ad

240 1686 485 1749 capienda
525 1683 841 1748 perfectiora,
895 1683 945 1729 et
992 1681 1055 1728 ad
1103 1677 1334 1725 facienda
1381 1672 1682 1722 sublimiora
1730 1670 1826 1718 Dei

239 1771 507 1833 praecepta
544 1759 872 1815 sufficerent.’
944 1763 1055 1824 Quo
1090 1760 1267 1810 audito
1305 1756 1555 1815 omnium,
1588 1753 1677 1816 qui
1713 1769 1825 1800 con-

239 1852 489 1911 sidebant,
531 1850 594 1898 ad
633 1849 808 1911 ipsum
845 1863 932 1895 ora
975 1847 1025 1894 et
1065 1843 1200 1892 oculi
1239 1839 1487 1898 conuersi,
1531 1837 1820 1899 diligenter,

240 1935 364 1998 quid
398 1934 600 1993 diceret,
646 1930 1003 1990 discutiebant,
1048 1929 1100 1975 et
1131 1926 1307 1989 ipsum
1336 1939 1448 1971 esse
1481 1920 1699 1983 dignum
1730 1920 1829 1980 epi-

240 2019 464 2079 scopatu,
505 2016 679 2078 ipsum
720 2014 783 2062 ad
822 2010 1133 2061 erudiendos
1171 2005 1466 2056 incredulos
1507 2005 1558 2051 et
1596 2003 1829 2049 indoctos

243 2100 382 2148 mitti
421 2099 604 2147 debere
641 2097 939 2155 decernunt,
986 2093 1074 2156 qui
1115 2091 1278 2155 gratia
1319 2085 1655 2140 discretionis,
1701 2100 1831 2146 quae

242 2182 501 2231 uirtutum
531 2181 696 2227 mater
728 2181 819 2239 est,
858 2179 979 2226 ante
1012 2175 1187 2224 omnia
1215 2169 1556 2236 probabatur⁶
1581 2168 1794 2215 inbutus
1820 2185 1830 2225 3

243 2265 416 2327 sicque
464 2264 617 2311 illum
660 2262 957 2310 ordinantes
999 2259 1062 2307 ad
1104 2254 1509 2321 praedicandum
1557 2251 1826 2298 miserunt.

245 2348 345 2408 Qui
369 2347 458 2395 ubi
482 2350 691 2409 tempus
716 2344 922 2407 accepit,
955 2342 1087 2390 sicut
1111 2340 1254 2403 prius
1272 2335 1627 2386 moderamine
1653 2333 1833 2381 discre-

241 2431 410 2491 tionis,
464 2430 537 2478 ita
583 2428 917 2492 postmodum
966 2427 1017 2474 et
1065 2423 1246 2472 ceteris
1292 2419 1576 2469 uirtutibus
1623 2418 1833 2464 ornatus

242 2513 490 2575 apparuit.

893 2635 1045 2685 CAP.
1086 2632 1180 2682 VI.

537 2761 590 2797 De
608 2760 784 2806 relictione
803 2771 847 2795 ac
859 2759 998 2804 pietate
1018 2758 1205 2793 miranda
1227 2749 1411 2792 Osualclzt⁷
1429 2752 1541 2796 reglis·

316 2855 500 2903 Hums
524 2856 684 2918 igitur
707 2855 958 2903 antistitis
988 2852 1221 2902 doctrina
1245 2867 1335 2897 rex
1365 2846 1556 2896 Osuald
1574 2845 1590 2869 ⁷
1615 2860 1734 2891 cum
1759 2859 1829 2902 ea,

248 2938 331 2987 cui
373 2941 613 3000 praeerat,
655 2940 808 3001 gente
850 2937 1148 2999 Anglorum
1185 2932 1474 2985 institutus,
1519 2944 1625 2975 non
1664 2925 1834 2973 solum

302 3060 315 3083 ¹
347 3059 534 3100 osuuald
555 3060 600 3099 C.
717 3058 732 3081 ²
763 3061 838 3099 -lis
859 3059 916 3098 M.
934 3058 1000 3097 13¹.
1016 3057 1099 3097 W1.
1118 3055 1197 3104 R11.
1216 3055 1278 3102 O„
1385 3051 1400 3074 ³
1430 3050 1671 3090 misserant
1689 3047 1748 3086 M.
1766 3046 1833 3086 Bl.

246 3125 260 3147 ⁴
288 3127 422 3166 aidan
444 3127 491 3164 B.
518 3126 570 3164 N.
829 3127 843 3148 ⁵
872 3123 1179 3163 indoctoribus
1201 3121 1258 3160 M.
1494 3115 1510 3138 ⁵
1537 3115 1751 3166 probatur
1771 3113 1827 3152 M.

246 3190 261 3212 ⁷
290 3192 488 3241 osuuald,
513 3191 579 3229 -di
601 3191 648 3231 C.

1843 280 1967 314 about
1986 278 2056 312 tho.

1844 329 2018 371 sending
2036 329 2079 359 of

1846 379 1990 413 Aidan.

1867 2855 2007 2891 Power
2024 2855 2069 2889 of

1866 2905 2038 2941 Oswald.
