2240 3444
652 165 974 235 Ecybertwn
1022 164 1377 233 Episvopwn.
1693 163 1794 211 411

229 314 438 378 grauius
463 315 553 373 est,
584 314 787 374 accepta
813 310 877 358 ab
912 309 1229 357 auditoribus
1259 308 1365 355 suis
1392 306 1617 368 pecunia.
1649 323 1801 366 quam

229 396 488 446 Dominus
524 394 804 457 prohibuit,
836 409 963 453 opus
1001 390 1156 445 uerbi,
1186 390 1319 451 quod
1353 389 1606 436 Dominus
1640 387 1799 442 iussit,

231 495 465 528 exercere
504 477 908 537 cont-empnant;
960 490 1077 521 cum
1121 473 1228 519 Deo
1277 471 1492 518 dilectus
1541 467 1801 531 1›‹›11tif‹·x¹

235 560 461 620 Samuel,
492 559 644 621 longe
669 557 817 605 aliter
843 555 1022 603 secisse
1047 553 1190 600 omni
1216 552 1402 614 populo
1429 554 1555 598 tosto
1581 550 1775 609 legatur
1796 567 1806 596 :

22 648 204 696 Reg.xii.
244 643 461 704 ‘Itaque
500 638 864 698 conuersatus,’
902 635 1086 698 inquit,
1135 636 1331 681 ‘coram
1369 632 1515 679 uobis
1555 631 1616 677 ab
1653 630 1811 677 adole-

26 713 67 746 ·4·
238 724 433 774 scentia
471 739 587 771 mea
625 738 789 784 usque
829 719 893 767 ad
933 718 1069 766 diem
1107 716 1251 775 hanc,
1295 731 1406 761 ecce
1442 717 1640 774 praesto
1676 728 1806 767 sum,

236 805 514 869 loquimini
539 806 601 853 de
626 821 710 852 me
735 819 904 851 coram
930 799 1171 857 Domino,
1195 800 1245 845 et
1265 812 1436 844 coram
1458 795 1659 842 Christo
1686 794 1806 851 vius,

237 892 417 938 utrum
441 889 630 936 bouem
645 885 861 934 alicuius
879 881 1105 941 tulerim,
1131 897 1196 927 an
1215 878 1435 935 asinum,
1457 876 1499 923 si
1519 874 1812 937 quempiam

240 966 624 1029 calumpniatus
662 981 794 1024 sum,
841 961 886 1010 si
925 958 1154 1023 oppressi
1193 957 1431 1019 aliquem,
1476 954 1520 1001 si
1557 955 1618 1001 dc
1659 969 1815 999 manu

241 1050 548 1112 cuiusquam
573 1062 767 1095 munus
791 1043 959 1106 accepi
981 1061 992 1103 ;
1030 1044 1081 1090 et
1105 1043 1470 1100 contempnam
1497 1036 1624 1083 illud
1650 1034 1813 1092 hodie,

240 1132 616 1193 restituamque
633 1128 792 1177 uobis.
853 1127 921 1174 Et
941 1124 1211 1173 dixerunt:
1239 1121 1355 1168 Non
1376 1136 1429 1167 es
1445 1117 1820 1178 calumpniatus

241 1232 351 1275 nos,
381 1230 548 1276 neque
583 1208 891 1275 oppressisti,
924 1222 1090 1269 neque
1118 1202 1287 1252 tulisti
1320 1203 1381 1250 de
1415 1217 1573 1248 manu
1606 1197 1820 1246 alicuius

244 1295 545 1362 quippiam.’
617 1293 777 1343 Cuius
801 1287 1125 1338 innocentiae
1151 1303 1207 1334 ac
1231 1283 1456 1332 iustitiae
1481 1281 1662 1329 merito
1687 1280 1823 1326 inter

242 1380 441 1444 primos
478 1374 689 1440 populi2
729 1374 827 1423 Dei
869 1373 1023 1421 duces
1067 1371 1117 1418 et
1155 1367 1437 1416 sacerdotes
1476 1361 1818 1419 annumerari.

248 1466 404 1525 atque
440 1461 497 1508 in
531 1458 767 1522 precibus
802 1455 909 1504 suis
944 1468 1165 1515 superno
1202 1448 1382 1498 auditu
1418 1449 1570 1508 atque
1603 1443 1824 1506 alloquio

0 1537 66 1595 tPs.
82 1556 218 1594 xcviii.
253 1546 443 1608 dignus
463 1542 680 1590 existere
699 1538 902 1598 meruit,
925 1536 1125 1584 dicente
1145 1529 1535 1595 psalmographo
1558 1546 1568 1575 :
1600 1527 1828 1588 ‘Moyses

11 1620 35 1655 7’
51 1610 84 1645 8’
253 1632 303 1677 et
328 1629 506 1676 Aaron
538 1626 595 1673 in
625 1621 975 1672 sacerdotibus
1001 1617 1122 1676 eius,
1154 1617 1205 1662 et
1231 1611 1437 1661 Samuel
1462 1611 1597 1658 inter
1622 1625 1706 1656 eos
1740 1608 1828 1669 qui

251 1711 497 1759 inuocant
534 1722 727 1755 nomen
768 1703 891 1763 eius,
938 1697 1249 1749 inuocabant
1286 1694 1587 1751 Dominum,
1635 1694 1685 1738 et
1722 1690 1829 1751 ipse

251 1791 554 1842 exaudiebat
580 1805 678 1849 eos,
709 1787 765 1834 in
791 1785 1032 1834 columna
1058 1779 1211 1828 nubis
1236 1776 1543 1839 loquebatur
1567 1774 1629 1820 ad
1656 1788 1740 1820 eos
1758 1772 1807 1819 ²'·.’

324 1875 368 1920 8.
408 1871 464 1920 Si
479 1872 655 1918 autem
675 1865 869 1928 aliquid
887 1860 1128 1911 utilitatis
1148 1856 1386 1906 fidelibus
1402 1852 1631 1902 conferre
1648 1867 1833 1898 manus
1862 1862 2034 1918 Avari-00
2053 1864 2089 1892 «ιτ

254 1954 643 2017 impositionem
663 1952 692 2011 4,
736 1964 836 2011 qua
874 1944 1098 2008 Spiritus
1136 1941 1352 1989 Sanctus
1387 1935 1643 1997 accipitur,
1683 1933 1834 1980 credi·
1861 1912 2118 2006 ξξζΐξζῗέῗῑ*

256 2054 376 2087 mus
401 2039 450 2085 et
477 2034 784 2084 confitemur
809 2049 819 2091 ;
857 2029 1055 2077 constat
1081 2042 1108 2072 e
1133 2021 1397 2080 contrariO,
1431 2018 1549 2080 quia
1581 2017 1699 2064 haec
1729 2015 1837 2077 ipsa

256 2120 456 2170 utilitas
499 2119 572 2166 eis
621 2115 808 2179 quibus
854 2125 1040 2159 manus
1085 2103 1346 2168 impositio
1395 2100 1629 2158 defuerit,
1677 2097 1831 2144 abest.

259 2203 418 2254 Cuius
443 2201 694 2250 nimirum
719 2193 942 2259 priuatio
966 2189 1089 2239 boni
1114 2189 1176 2237 ad
1203 2202 1330 2249 quos
1348 2182 1572 2245 amplius
1598 2196 1751 2242 quarn
1776 2179 1837 2226 ad

260 2288 400 2351 ipsos
424 2282 632 2346 respicit
657 2278 930 2336 antistiteS,
961 2273 1050 2337 qui
1073 2272 1284 2320 illorum
1319 2284 1371 2315 se
1396 2263 1706 2328 promittunt
1733 2276 1839 2307 esse

260 2368 533 2434 praesules,
583 2363 770 2427 quibus
811 2355 1094 2422 spiritualis
1136 2351 1360 2401 officium
1409 2345 1727 2410 praesulatus
1764 2358 1842 2388 ex-

262 2452 439 2501 hibere
485 2451 575 2498 aut
623 2443 910 2507 negligunt,
963 2440 1053 2487 aut
1100 2434 1365 2497 nequeunt
1385 2432 1410 2479 ‘?
1481 2427 1638 2477 Cuius
1684 2424 1841 2471 totius

263 2528 506 2580 facinoris
531 2525 676 2575 nulla
699 2522 864 2585 magis
889 2534 1044 2582 quam
1069 2513 1283 2563 auaritia
1300 2511 1315 2535 ⁵
1333 2524 1480 2557 causa
1505 2509 1593 2553 est.
1654 2504 1842 2552 Contra

267 2629 424 2677 quam
450 2611 720 2672 disputans
744 2602 1018 2667 apostolus,
1050 2599 1104 2646 in
1130 2613 1230 2659 quo
1256 2592 1490 2643 Christus
1522 2585 1837 2648 loquebatur,

22 2728 35 2750 1
55 2713 226 2750 ’Βίωνι
268 2696 436 2745 aiebat
459 2712 470 2742 ι
514 2691 711 2740 ‘Radix
736 2686 974 2737 omnium
999 2681 1256 2729 malorum
1283 2673 1534 2735 cupiditas
1569 2671 1642 2716 est
1658 2667 1706 2716 (ζ’
1776 2665 1843 2712 Et

0 2777 136 2850 {iocor
168 2812 210 2847 vi
270 2792 511 2827 rursum:
554 2773 761 2834 ‘Neque
797 2767 971 2827 auari,'
995 2762 1177 2825 inquit,
1214 2760 1458 2819 ‘regnum
1494 2751 1588 2800 Dei
1623 2747 1842 2810 possido-

25 2875 74 2900 10.
139 2841 146 2849 ²
212 2840 220 2849 .
272 2855 441 2906 bunt.’
513 2853 647 2902 Cum
685 2849 826 2898 enim
862 2846 1091 2901 antistes,
1123 2839 1348 2888 dictante
1380 2847 1549 2880 amore
1587 2826 1843 2890 pecuniae.

271 2937 522 2987 maiorem
547 2931 727 2996 populi
751 2931 964 2993 partem,
996 2937 1152 2987 quam
1186 2917 1292 2967 ulla
1328 2914 1523 2962 ratione
1556 2926 1644 2972 per
1675 2910 1844 2955 totum

325 3089 338 3112 ¹
368 3086 571 3139 pontifex
589 3097 663 3123 om.
686 3081 744 3121 M.
897 3076 911 3098 ²
941 3076 1023 3115 -los
1043 3074 1100 3114 M.
1243 3070 1257 3092 ³
1292 3062 1615 3105 ‘sacerdotibus
1635 3059 1730 3097 cius
1747 3057 1755 3070 '
1778 3069 1845 3094 us-

270 3168 356 3208 que
382 3151 668 3202 ‘loquebatur
688 3147 744 3186 ad
765 3158 837 3185 eos
852 3146 860 3159 '
883 3144 941 3182 H.
1092 3138 1105 3161 ¹
1133 3133 1325 3176 conferri
1347 3162 1356 3171 .
1386 3161 1394 3170 .
1421 3160 1429 3170 .
1454 3160 1462 3168 .
1484 3125 1766 3176 impositione
1789 3121 1847 3160 M.

271 3222 287 3246 ⁶
315 3221 422 3262 -tiae
443 3218 502 3259 H.
637 3212 652 3235 ⁶
681 3215 745 3254 est
766 3224 863 3263 cup.
890 3208 949 3248 M.
