2240 3444
375 124 481 176 266
827 119 1091 173 Historia
1128 117 1520 171 Ecclesiastica
1773 123 1880 176 [Lm.
1903 127 1974 166 IV.

373 286 524 318 meus
550 268 919 332 conpresbyter
948 266 1167 330 Aedgils
1187 266 1201 291 ¹
1228 264 1495 325 referebat,
1528 262 1618 326 qui
1645 264 1774 310 tunc
1803 261 1860 309 in
1885 261 1978 309 illo

373 353 693 402 monasterio
754 352 985 414 degebat.
1088 351 1278 398 Postea
1337 349 1527 407 autem,
1589 344 1981 394 discedentibus

374 438 497 486 inde
540 437 605 484 ob
645 435 1022 484 desolationem
1064 432 1308 496 plurimis
1349 430 1654 490 incolarum,
1702 429 1759 476 in
1801 429 1980 476 nostro

375 519 692 568 monasterio
728 518 956 581 plurimo
999 519 1234 579 tempore
1284 515 1634 572 conuersatus,
1683 511 1983 573 ibidemque

376 604 657 652 defunctus
683 604 773 650 est.
852 601 997 649 Haec
1027 600 1143 648 ideo
1179 600 1387 647 nostrae
1423 595 1672 644 historiae
1703 594 1984 643 inserenda

377 685 708 746 credidimus,
734 687 793 733 ut
814 685 1218 733 admoneremus
1238 681 1487 729 lectorem
1507 695 1725 741 operum
1746 675 1978 736 Domini,

377 786 537 832 quarn
586 768 836 816 terribilis
884 767 941 815 in
985 765 1221 814 consiliis
1283 780 1436 825 super
1484 762 1623 810 filios
1670 760 1983 819 hominum3
2015 767 2077 803 Ps.
2099 766 2209 812 1Χν.-,

378 869 444 900 ne
463 853 597 901 forte
618 870 714 901 nos
734 855 968 915 tempore
989 851 1162 915 aliquo
1183 849 1351 898 carnis
1371 847 1648 896 inlecebris
1676 845 1978 906 seruientes,

378 935 659 999 minusque
697 936 796 984 Dei
843 936 1098 983 iudicium
1145 933 1502 991 formidantes,
1545 929 1821 993 repentina
1874 928 1987 977 eius

377 1020 453 1067 ira
478 1019 735 1082 corripiat,
767 1022 819 1067 et
845 1019 931 1067 uel
950 1017 1329 1080 temporalibus
1355 1015 1563 1064 damnis
1587 1014 1723 1062 iuste
1749 1012 1989 1061 saeuiens

379 1103 586 1166 affligat,
618 1104 704 1151 uel
743 1103 807 1151 ad
844 1105 1150 1166 perpetuam
1185 1100 1540 1164 perditionem
1575 1096 1865 1147 districtius
1901 1113 1988 1144 ex-

380 1188 624 1235 aminans
654 1186 819 1236 tollat.

853 1402 1007 1451 CAP.
1052 1400 1240 1449 XXIV
1267 1396 1516 1466 [XXVI]

756 1553 809 1588 De
830 1554 947 1588 morte
965 1551 1144 1598 Ecyfrz'cli
1160 1546 1174 1568 ²
1193 1552 1225 1588 et
1245 1551 1419 1586 Hlotlzcri
1435 1546 1449 1568 ³
1469 1559 1615 1595 regrum.

92 1673 238 1717 Egsrid
452 1667 608 1715 ANNo
635 1665 928 1713 dominicae
953 1663 1328 1711 incarnationis
1353 1660 1793 1711 DCLXXXHII.
1867 1660 1993 1723 Ecg-

91 1724 333 1817 ἓζῖἶῗῃῗξῃ
385 1751 486 1798 frid
537 1766 626 1797 rex
676 1747 1257 1811 Nordanhymbrorum,
1307 1745 1469 1794 misso
1514 1745 1830 1793 Hiberniam
1873 1761 1994 1792 cum

92 1827 135 1908 2⁰
147 1824 335 1917 {J'sslnd’
385 1833 613 1882 exercitu
661 1833 792 1880 duce
841 1832 1031 1880 Bercto
1048 1832 1077 1892 4,
1132 1830 1361 1879 uastauit
1411 1830 1603 1877 misere
1653 1831 1865 1892 gentem
1912 1828 1993 1875 in-

276 1901 283 1909 ·
386 1916 614 1977 noxiam,
665 1918 717 1963 et
758 1915 963 1963 nationi
1004 1915 1306 1977 Angloruni
1356 1931 1561 1976 semper
1601 1912 1987 1972 amicissimam,

386 2001 458 2048 ita
506 2002 566 2048 ut
614 2016 680 2047 ne
729 1998 958 2046 ecclesiis
1008 1999 1224 2061 quidem
1277 2001 1368 2047 aut
1416 1996 1749 2045 monasteriis
1805 2011 1995 2044 manus

387 2085 618 2147 parceret
660 2082 882 2130 hostilis.
962 2083 1037 2130 At
1075 2081 1308 2130 insulani
1352 2083 1415 2142 et,
1463 2083 1722 2143 quantum
1765 2079 1989 2139 ualuere,

389 2167 550 2215 armis
574 2182 718 2214 arma
736 2165 1074 2227 repellebant,
1101 2168 1153 2213 et
1178 2166 1482 2213 inuocantes
1502 2164 1712 2211 diuinae
1737 2162 1997 2211 auxilium

390 2251 613 2313 pietatis,
642 2249 858 2296 caelitus
885 2265 938 2296 se
964 2249 1215 2296 uindicari
1235 2248 1498 2296 continuis
1523 2248 1613 2296 diu
1640 2247 1998 2308 inprecationi-

391 2335 490 2382 bus
523 2333 870 2396 postulabant.
949 2332 1019 2380 Et
1053 2333 1296 2395 quamuis
1331 2331 1609 2379 maledici5
1642 2347 1867 2393 regnum
1899 2330 1999 2378 Dei
2031 2355 2044 2378 1
2066 2343 2155 2379 Cor.
2176 2341 2214 2399 xsi

391 2417 653 2480 possidere
690 2433 798 2464 non
840 2416 1057 2477 possint,
1098 2416 1356 2463 creditum
1393 2416 1472 2462 est
1507 2417 1700 2474 tamen,
1740 2413 1879 2476 quod
1922 2413 1991 2474 hi,
2027 2406 2094 2480 ἕξ
2112 2392 2172 2488 5⁶0f
2188 2393 2215 2427 ¹¹

392 2501 483 2563 qui
542 2500 731 2548 merit-o
792 2499 1081 2561 impietatis
1146 2515 1267 2546 suae
1329 2498 1786 2558 maledicebantur,
1855 2497 2000 2545 ocius

393 2584 621 2633 Domino
652 2582 860 2631 uindice
892 2599 1084 2645 poenas
1118 2582 1199 2629 sui
1228 2584 1402 2630 reatus
1431 2582 1649 2630 luerent.
1729 2581 1998 2644 Siquidem

392 2685 532 2717 anno
557 2672 675 2729 post
700 2667 842 2714 hunc
869 2666 1106 2728 proximo
1134 2666 1274 2714 idem
1300 2682 1403 2723 rex,
1437 2682 1558 2712 cum
1583 2667 1780 2713 temere
1807 2664 1997 2713 exerci-

392 2755 509 2800 tum
564 2752 627 2799 ad
683 2751 993 2798 uastandam
1043 2750 1315 2797 Pictorum
1367 2748 1694 2811 prouinciam
1745 2748 1992 2808 duxisset,

394 2832 626 2880 multum
688 2830 1089 2893 prohibentibus
1153 2829 1349 2889 amicis,
1417 2830 1470 2876 et
1533 2831 1761 2877 maxime
1821 2829 2000 2877 beatae

397 2915 678 2963 memoriae
705 2914 1042 2974 Cudbercto⁶,
1075 2913 1165 2975 qui
1191 2929 1358 2974 nuper
1388 2912 1557 2960 fuerat
1594 2913 1865 2961 ordinatus
1902 2912 2001 2975 epi-

396 3015 595 3061 scopus,
617 2997 949 3045 introductus
974 2998 1065 3057 est,
1105 2993 1110 3060 1
1143 2995 1516 3043 simulantibus
1540 2996 1722 3059 fugam
1740 2995 1993 3055 hostibus,
2030 3004 2056 3039 f.
2080 3013 2127 3049 94
2145 3013 2178 3038 a.

454 3148 463 3169 ¹
494 3148 619 3199 -gild,
644 3151 784 3187 altered
804 3153 836 3187 to
858 3149 961 3199 —gils
982 3148 1021 3187 N
1043 3161 1052 3196 3
1083 3147 1224 3197 edgisl
1247 3145 1310 3186 Οἳ.
1333 3147 1384 3186 Β.
1406 3146 1477 3197 (Ῥ).
1583 3145 1598 3168 2
1627 3147 1712 3186 ecf-
1731 3147 1776 3186 G.
1891 3146 1906 3169 ³
1935 3160 2000 3186 ·1·e

399 3215 445 3255 G.
576 3214 590 3236 4
622 3217 783 3255 berhto
807 3216 852 3256 C.
981 3215 996 3238 ⁵
1025 3214 1116 3253 -fici
1138 3213 1212 3253 M'.
1339 3212 1354 3235 ⁶
1384 3214 1588 3252 -berchto
1609 3214 1641 3253 C
1662 3227 1671 3262 ;
1703 3214 1847 3252 -berto
1868 3213 1920 3252 N.
