2240 3444
317 167 415 205 Cn.
440 162 509 214 X.]
818 153 1008 207 Gentis
1048 153 1392 222 Angyloruin.
1798 158 1895 207 101

315 295 519 345 tionem¹
564 298 642 345 sui
676 299 898 345 reseratis
933 299 1087 345 cordis
1128 299 1309 355 ianuis,
1353 313 1473 357 quae
1518 299 1574 345 dc
1614 303 1758 347 semet
1797 302 1899 359 ipsa

304 378 611 440 proferetur²
660 384 835 428 secreta
886 381 1117 428 humanis
1163 381 1402 427 mentibus
1450 382 1765 439 inspiratione
1812 384 1897 430 ele-

315 466 500 510 menter
531 463 788 522 iiifimzdit,
828 463 894 510 ad
925 461 1353 510 calnuntiandam3
1385 463 1522 510 uobis
1542 464 1893 522 plenitudinem

304 545 429 604 fidei
473 544 778 593 Christianae
823 546 1161 593 sacerdotalem
1208 546 1489 592 eurauimus
1529 546 1895 593 sollicitudinem

301 642 572 688 proroyare,
613 631 668 674 ut
692 628 898 686 perinde
936 627 1116 676 Christi
1151 629 1467 687 cuansselium,
1511 628 1638 687 qnod
1672 628 1900 675 Saiuator

307 714 468 757 noster
484 711 704 756 omnibus
710 711 953 769 praecepit
968 711 1190 770 (lentibus
1203 710 1498 770 praedicari,
1522 711 1698 757 uestris
1715 725 1897 770 quoque

306 793 523 840 sensibus
564 793 836 851 inserentes,
885 793 1059 840 salutis
1092 795 1280 840 uestrae
1314 793 1529 840 remedia
1554 793 1890 851 propinentur.

307 872 556 932 Siipernae
606 876 755 935 iyitur
800 876 1068 922 maiestatis
1109 875 1371 934 clementia,
1417 889 1538 934 quae
1585 877 1754 922 cuncta
1800 876 1897 922 solo

306 957 449 1003 uerbo
471 958 824 1016 praeceptionis
852 972 968 1005 suae
999 958 1213 1004 condidit
1247 960 1290 1004 et
1323 958 1518 1016 creauit,
1550 958 1734 1004 caelum
1768 957 1898 1004 uide-

307 1038 412 1084 licet
437 1042 480 1085 et
505 1042 693 1099 terram,
724 1055 856 1087 mare
885 1043 927 1087 et
960 1040 1134 1099 omnia,
1167 1054 1289 1099 Quae
1319 1040 1372 1086 in
1399 1040 1466 1087 eis
1497 1043 1622 1094 sunt,
1656 1040 1898 1098 dispositis

307 1120 570 1181 ordiniDuS,
602 1124 774 1182 quibus
798 1123 1117 1180 subsisterent,
1149 1123 1385 1169 coaeterni
1412 1122 1462 1170 U
1458 1123 1555 1169 erbi
1577 1123 1657 1169 sui
1682 1123 1888 1182 consilio,

63 1209 228 1267 cco-1911.
247 1211 271 1245 i.
308 1207 352 1250 et
408 1203 577 1251 Sancti
635 1205 846 1265 Spiritus
909 1206 1096 1252 unitate
1161 1204 1457 1264 dispensans,
1521 1205 1763 1252 hominem
1830 1206 1896 1252 ad

61 1271 121 1304 ²⁷³
147 1271 188 1295 n.
210 1272 237 1306 7·
304 1287 566 1346 imayinem
592 1291 635 1335 et
658 1288 1030 1335 similitudinem
1054 1302 1196 1335 suam
1221 1302 1276 1334 eac
1295 1288 1406 1334 limo
1426 1290 1577 1335 terrae
1591 1289 1894 1347 plasmatum

304 1371 562 1430 constituit,
590 1372 724 1430 eique
748 1374 936 1417 tantam
949 1362 1164 1429 praemii
1177 1371 1575 1430 praerogatiuam
1593 1371 1813 1431 indulsit,
1838 1375 1893 1418 ut

303 1467 412 1500 eum
428 1468 483 1500 cu
490 1454 611 1500 netis
614 1457 937 1514 praeponeret,
956 1457 1096 1512 atque
1111 1456 1300 1500 seruato
1316 1453 1886 1515 terminopraeceptionis,

301 1537 603 1584 aeternitatis
639 1537 951 1584 subsistentia
971 1536 1318 1595 praemuniret.
1395 1536 1548 1583 Hunc
1589 1551 1696 1596 erqo
1730 1537 1893 1585 Deum

300 1619 511 1678 Patrem,
535 1623 577 1666 et
594 1620 795 1679 Filium,
819 1623 861 1666 et
879 1618 1114 1678 Spiritum
1132 1619 1378 1678 Sanctum,
1401 1619 1526 1677 quod
1545 1622 1613 1666 cst
1630 1619 1893 1668 indiuidua

62 1710 156 1747 Mal.
178 1712 201 1747 i.
222 1724 268 1747 11.
303 1701 535 1760 Trinitas,
566 1702 625 1749 ab
651 1705 758 1748 ortu
781 1702 894 1749 solis
911 1716 1061 1761 usque
1086 1702 1152 1748 ad
1175 1715 1405 1760 occasum,
1430 1701 1701 1748 humanum
1720 1716 1885 1763 oenus,

301 1785 470 1844 quippe
496 1788 552 1832 ut
581 1788 836 1832 creatorem
869 1785 1086 1831 omnium
1118 1787 1258 1843 atque
1273 1783 1511 1842 factorem
1537 1798 1695 1844 suum,
1726 1786 1891 1832 saluti>

127 1878 151 1912 f.
174 1889 215 1923 35
232 1888 266 1913 a.
289 1868 406 1927 fera
438 1867 442 1924 Ι
475 1868 769 1927 confessione
793 1867 897 1926 fide
925 1870 1187 1914 ueneratur
1218 1870 1260 1914 et
1292 1867 1437 1924 eoZ·it;
1476 1867 1555 1913 cui
1587 1868 1733 1914 etiam
1761 1882 1887 1915 sum-

297 1951 490 1997 mitates
521 1951 711 2009 imperii
747 1964 999 2009 rerumque
1018 1952 1280 2008 potestates
1311 1949 1577 1997 submissae
1607 1953 1734 2010 sunt,
1773 1952 1889 2010 quia

298 2034 401 2081 eius
427 2033 734 2092 dispositione
767 2033 984 2080 omnium
1005 2033 1248 2091 praelatio
1279 2046 1536 2091 reynerum
1565 2033 1840 2080 conceditur
1851 2034 1882 2081 ⁴¹.

295 2116 427 2163 Eius
473 2130 578 2176 erqo
628 2100 856 2163 bonitatis
902 2115 1230 2162 misericordia
1282 2115 1430 2162 totius
1480 2119 1725 2163 creaturae
1771 2130 1889 2164 suae

296 2199 541 2246 dilatandi
581 2198 724 2245 subdi
772 2199 919 2245 etiam
960 2199 1014 2244 in
1055 2198 1349 2245 extremitate
1367 2196 1383 2220 5
1428 2201 1583 2245 terrae
1612 2199 1887 2256 positarum

291 2282 510 2342 „centium
533 2281 676 2328 corda
696 2280 906 2340 frigida,
938 2280 1106 2329 Sancti
1133 2280 1345 2340 Spiritus
1358 2280 1559 2340 feruore
1587 2281 1641 2327 in
1670 2282 1748 2328 sui
1776 2295 1887 2341 quo-

300 2379 389 2425 que
413 2365 662 2425 aynitione
685 2364 973 2411 mirabiliter
995 2366 1061 2410 est
1086 2363 1290 2423 dionata
1312 2363 1605 2410 succendere.

364 2447 497 2508 Quae
523 2448 651 2494 enim
674 2448 728 2494 in
749 2447 943 2507 gloriosi
959 2447 1060 2505 filii
1083 2446 1237 2492 nostri
1258 2444 1550 2493 Audubaldi
1566 2445 1582 2470 ⁰
1599 2446 1726 2506 reyis
1740 2447 1888 2506 gyenti-

296 2531 473 2590 busque
515 2531 558 2578 ei
597 2530 855 2589 subpositis
899 2529 1247 2588 inlustratione,
1296 2525 1546 2576 clementia
1585 2528 1888 2576 Redcmtoris

284 2613 443 2672 fuerit
462 2617 666 2672 operata,
676 2613 872 2671 plenius
889 2626 944 2659 ea:
957 2612 1210 2658 uicinitate
1229 2612 1435 2658 locorum
1453 2614 1666 2658 uestram
1681 2611 1885 2670 §loriam

294 2697 556 2743 conicimus
593 2696 878 2756 coynouisse.
955 2695 1087 2741 Eius
1126 2708 1231 2754 erqo
1272 2694 1492 2741 mirabile
1531 2693 1709 2739 donum
1750 2695 1793 2739 et
1830 2693 1883 2739 in

290 2778 426 2825 uobis
449 2781 572 2825 certa
599 2792 689 2838 spe,
721 2777 909 2824 caelesti
941 2777 1304 2836 Zonyanimitate
1328 2776 1537 2835 conferri
1561 2775 1881 2834 confidimus,-

292 2875 402 2907 cum
430 2861 643 2920 profecto
682 2861 939 2921 yloriosam
986 2860 1234 2920 coniugem
1280 2861 1506 2916 uestram,
1561 2871 1683 2916 quae
1729 2857 1882 2904 uestri

290 2945 495 3002 corporis
507 2957 630 3001 pars
654 2957 751 2990 esse
781 2943 1056 3002 dinoscitur,
1088 2941 1387 2989 aeternitatis
1404 2940 1623 2998 praemio
1636 2953 1729 2998 per
1755 2939 1884 2986 sacri

292 3025 594 3085 baptismatis
664 3026 1068 3085 reyenerationem
1145 3023 1491 3071 inluminatam
1571 3021 1874 3081 agnouimus.

347 3149 360 3171 1
390 3162 463 3188 -ne
484 3149 557 3189 Ml.
668 3148 682 3170 ²
710 3150 934 3200 profertur
954 3151 1027 3199 Hl.
1141 3148 1155 3171 ³
1187 3150 1312 3188 -dum
1334 3149 1378 3188 C.
1490 3147 1505 3170 4
1532 3147 1684 3187 —detur
1704 3147 1774 3187 M1.
1799 3146 1882 3196 B¹;

292 3215 488 3254 deretur
502 3216 547 3254 C.
659 3216 673 3238 ⁵
703 3217 978 3255 extrimitate
999 3215 1073 3255 Μ’.
1207 3213 1222 3235 ⁵
1250 3213 1456 3253 eadbaldi
1478 3210 1538 3253 0².
