<?xml version="1.0" encoding="UTF-8"?>
<!DOCTYPE html PUBLIC "-//W3C//DTD XHTML 1.0 Transitional//EN"
    "http://www.w3.org/TR/xhtml1/DTD/xhtml1-transitional.dtd">
<html xmlns="http://www.w3.org/1999/xhtml" xml:lang="en" lang="en">
 <head>
  <title>
</title>
<meta http-equiv="Content-Type" content="text/html;charset=utf-8" />
  <meta name='ocr-system' content='tesseract 3.04.00' />
  <meta name='ocr-capabilities' content='ocr_page ocr_carea ocr_par ocr_line ocrx_word'/>
</head>
<body>
  <div class='ocr_page' id='page_1' title='image "./venerabilisbaeda01bede_0622.png"; bbox 0 0 2240 3444; ppageno 0'>
   <div class='ocr_carea' id='block_1_1' title="bbox 58 1552 295 1688">
    <p class='ocr_par' dir='ltr' id='par_1_1' title="bbox 58 1552 295 1688">
     <span class='ocr_line' id='line_1_1' title="bbox 62 1552 295 1596; baseline -0.009 -9"><span class='ocrx_word' id='word_1_1' title='bbox 62 1552 231 1596; x_wconf 85' lang='lat' dir='ltr'>Neglect</span> <span class='ocrx_word' id='word_1_2' title='bbox 251 1554 295 1586; x_wconf 73' lang='lat' dir='ltr'>of</span> 
     </span>
     <span class='ocr_line' id='line_1_2' title="bbox 58 1602 262 1646; baseline -0.005 -9"><span class='ocrx_word' id='word_1_3' title='bbox 58 1602 262 1646; x_wconf 80' lang='lat' dir='ltr'>episcopal</span> 
     </span>
     <span class='ocr_line' id='line_1_3' title="bbox 61 1652 282 1688; baseline -0.005 0"><span class='ocrx_word' id='word_1_4' title='bbox 61 1652 282 1688; x_wconf 83' lang='lat' dir='ltr'>visitatiou.</span> 
     </span>
    </p>
   </div>
   <div class='ocr_carea' id='block_1_2' title="bbox 344 140 1423 215">
    <p class='ocr_par' dir='ltr' id='par_1_2' title="bbox 344 140 1423 215">
     <span class='ocr_line' id='line_1_4' title="bbox 344 140 1423 215; baseline -0.006 -15"><span class='ocrx_word' id='word_1_5' title='bbox 344 150 453 200; x_wconf 81' lang='lat'>410</span> <span class='ocrx_word' id='word_1_6' title='bbox 868 143 1127 215; x_wconf 72' lang='lat' dir='ltr'>Epistola</span> <span class='ocrx_word' id='word_1_7' title='bbox 1164 141 1308 195; x_wconf 76' lang='lat' dir='ltr'>Bcde</span> <span class='ocrx_word' id='word_1_8' title='bbox 1345 140 1423 194; x_wconf 77' lang='lat' dir='ltr'>ad</span> 
     </span>
    </p>
   </div>
   <div class='ocr_carea' id='block_1_3' title="bbox 344 285 2196 3019">
    <p class='ocr_par' dir='ltr' id='par_1_3' title="bbox 344 285 2196 1518">
     <span class='ocr_line' id='line_1_5' title="bbox 345 285 1947 358; baseline -0.007 -14"><span class='ocrx_word' id='word_1_9' title='bbox 345 296 656 358; x_wconf 88' lang='lat' dir='ltr'>prouocatus</span> <span class='ocrx_word' id='word_1_10' title='bbox 673 292 979 342; x_wconf 86' lang='lat' dir='ltr'>accenderis.</span> <span class='ocrx_word' id='word_1_11' title='bbox 1024 291 1169 340; x_wconf 78' lang='lat' dir='ltr'>Sicut</span> <span class='ocrx_word' id='word_1_12' title='bbox 1189 308 1216 338; x_wconf 92' lang='lat' dir='ltr'>e</span> <span class='ocrx_word' id='word_1_13' title='bbox 1236 288 1508 348; x_wconf 86' lang='lat' dir='ltr'>contrario,</span> <span class='ocrx_word' id='word_1_14' title='bbox 1534 285 1580 335; x_wconf 91' lang='lat' dir='ltr'>si</span> <span class='ocrx_word' id='word_1_15' title='bbox 1605 285 1947 334; x_wconf 90' lang='lat' dir='ltr'>commissum</span> 
     </span>
     <span class='ocr_line' id='line_1_6' title="bbox 345 369 2196 439; baseline -0.006 -13"><span class='ocrx_word' id='word_1_16' title='bbox 345 378 442 427; x_wconf 88' lang='lat' dir='ltr'>tibi</span> <span class='ocrx_word' id='word_1_17' title='bbox 465 395 494 426; x_wconf 88' lang='lat' dir='ltr'>a</span> <span class='ocrx_word' id='word_1_18' title='bbox 518 377 745 426; x_wconf 88' lang='lat' dir='ltr'>Domino</span> <span class='ocrx_word' id='word_1_19' title='bbox 770 376 1042 439; x_wconf 75' lang='lat' dir='ltr'>negotium</span> <span class='ocrx_word' id='word_1_20' title='bbox 1075 374 1254 422; x_wconf 89' lang='lat' dir='ltr'>minus</span> <span class='ocrx_word' id='word_1_21' title='bbox 1279 372 1558 435; x_wconf 76' lang='lat' dir='ltr'>diligenter</span> <span class='ocrx_word' id='word_1_22' title='bbox 1581 369 1940 432; x_wconf 89' lang='lat' dir='ltr'>compleueris,</span> <span class='ocrx_word' id='word_1_23' title='bbox 1975 387 2027 424; x_wconf 79' lang='lat' dir='ltr'>cf.</span> <span class='ocrx_word' id='word_1_24' title='bbox 2041 388 2196 426; x_wconf 72' lang='lat' dir='ltr'>Matth.</span> 
     </span>
     <span class='ocr_line' id='line_1_7' title="bbox 345 440 2170 533; baseline -0.007 -23"><span class='ocrx_word' id='word_1_25' title='bbox 345 479 439 525; x_wconf 89' lang='lat' dir='ltr'>pro</span> <span class='ocrx_word' id='word_1_26' title='bbox 481 461 772 509; x_wconf 85' lang='lat' dir='ltr'>retentione</span> <span class='ocrx_word' id='word_1_27' title='bbox 810 459 999 507; x_wconf 87' lang='lat' dir='ltr'>talenti</span> <span class='ocrx_word' id='word_1_28' title='bbox 1047 475 1168 506; x_wconf 91' lang='lat' dir='ltr'>cum</span> <span class='ocrx_word' id='word_1_29' title='bbox 1216 473 1365 505; x_wconf 86' lang='lat' dir='ltr'>seruo</span> <span class='ocrx_word' id='word_1_30' title='bbox 1413 470 1644 517; x_wconf 85' lang='lat' dir='ltr'>nequam</span> <span class='ocrx_word' id='word_1_31' title='bbox 1692 455 1743 501; x_wconf 89' lang='lat' dir='ltr'>et</span> <span class='ocrx_word' id='word_1_32' title='bbox 1796 452 1945 516; x_wconf 88' lang='lat' dir='ltr'>pigro</span> <span class='ocrx_word' id='word_1_33' title='bbox 1974 440 2160 533; x_wconf 42' lang='lat' dir='ltr'>{3171be</span> <span class='ocrx_word' id='word_1_34' title='bbox 2161 515 2170 524; x_wconf 40' lang='lat'><strong>·</strong></span> 
     </span>
     <span class='ocr_line' id='line_1_8' title="bbox 344 535 2130 608; baseline -0.007 -14"><span class='ocrx_word' id='word_1_35' title='bbox 344 547 547 608; x_wconf 87' lang='lat' dir='ltr'>partem</span> <span class='ocrx_word' id='word_1_36' title='bbox 573 561 627 592; x_wconf 88' lang='lat' dir='ltr'>es</span> <span class='ocrx_word' id='word_1_37' title='bbox 651 546 952 606; x_wconf 87' lang='lat' dir='ltr'>recepturus</span> <span class='ocrx_word' id='word_1_38' title='bbox 978 542 1035 589; x_wconf 87' lang='lat' dir='ltr'>in</span> <span class='ocrx_word' id='word_1_39' title='bbox 1060 541 1237 588; x_wconf 87' lang='lat' dir='ltr'>futuro</span> <span class='ocrx_word' id='word_1_40' title='bbox 1278 558 1289 600; x_wconf 88' lang='lat'>;</span> <span class='ocrx_word' id='word_1_41' title='bbox 1314 538 1544 586; x_wconf 81' lang='lat' dir='ltr'>maxime</span> <span class='ocrx_word' id='word_1_42' title='bbox 1569 536 1615 585; x_wconf 91' lang='lat' dir='ltr'>si</span> <span class='ocrx_word' id='word_1_43' title='bbox 1639 535 1946 599; x_wconf 86' lang='lat' dir='ltr'>temporalia</span> <span class='ocrx_word' id='word_1_44' title='bbox 1974 538 2057 574; x_wconf 83' lang='lat' dir='ltr'>xix.</span> <span class='ocrx_word' id='word_1_45' title='bbox 2079 551 2130 574; x_wconf 86' lang='lat'>22·</span> 
     </span>
     <span class='ocr_line' id='line_1_9' title="bbox 345 621 1945 688; baseline -0.006 -12"><span class='ocrx_word' id='word_1_46' title='bbox 345 629 409 677; x_wconf 85' lang='lat' dir='ltr'>ab</span> <span class='ocrx_word' id='word_1_47' title='bbox 441 627 547 675; x_wconf 91' lang='lat' dir='ltr'>illis</span> <span class='ocrx_word' id='word_1_48' title='bbox 573 627 846 675; x_wconf 83' lang='lat' dir='ltr'>commoda</span> <span class='ocrx_word' id='word_1_49' title='bbox 880 625 1140 688; x_wconf 82' lang='lat' dir='ltr'>requirere</span> <span class='ocrx_word' id='word_1_50' title='bbox 1179 625 1336 686; x_wconf 89' lang='lat' dir='ltr'>atque</span> <span class='ocrx_word' id='word_1_51' title='bbox 1376 621 1604 684; x_wconf 83' lang='lat' dir='ltr'>accipere</span> <span class='ocrx_word' id='word_1_52' title='bbox 1641 636 1945 683; x_wconf 89' lang='lat' dir='ltr'>praesump-</span> 
     </span>
     <span class='ocr_line' id='line_1_10' title="bbox 345 703 1948 774; baseline -0.006 -15"><span class='ocrx_word' id='word_1_53' title='bbox 345 711 488 771; x_wconf 85' lang='lat' dir='ltr'>seris,</span> <span class='ocrx_word' id='word_1_54' title='bbox 525 710 715 774; x_wconf 91' lang='lat' dir='ltr'>quibus</span> <span class='ocrx_word' id='word_1_55' title='bbox 751 709 898 757; x_wconf 88' lang='lat' dir='ltr'>nulla</span> <span class='ocrx_word' id='word_1_56' title='bbox 936 707 1170 756; x_wconf 87' lang='lat' dir='ltr'>caelestis</span> <span class='ocrx_word' id='word_1_57' title='bbox 1207 704 1452 753; x_wconf 90' lang='lat' dir='ltr'>beneficii</span> <span class='ocrx_word' id='word_1_58' title='bbox 1489 704 1626 752; x_wconf 89' lang='lat' dir='ltr'>dona</span> <span class='ocrx_word' id='word_1_59' title='bbox 1663 703 1948 766; x_wconf 86' lang='lat' dir='ltr'>rependere</span> 
     </span>
     <span class='ocr_line' id='line_1_11' title="bbox 346 785 1947 858; baseline -0.006 -16"><span class='ocrx_word' id='word_1_60' title='bbox 346 793 660 858; x_wconf 86' lang='lat' dir='ltr'>probaueris.</span> <span class='ocrx_word' id='word_1_61' title='bbox 733 793 867 842; x_wconf 85' lang='lat' dir='ltr'>Cum</span> <span class='ocrx_word' id='word_1_62' title='bbox 893 791 1036 839; x_wconf 89' lang='lat' dir='ltr'>enim</span> <span class='ocrx_word' id='word_1_63' title='bbox 1061 790 1323 838; x_wconf 80' lang='lat' dir='ltr'>Dominus</span> <span class='ocrx_word' id='word_1_64' title='bbox 1348 787 1567 836; x_wconf 87' lang='lat' dir='ltr'>mittens</span> <span class='ocrx_word' id='word_1_65' title='bbox 1600 787 1664 835; x_wconf 90' lang='lat' dir='ltr'>ad</span> <span class='ocrx_word' id='word_1_66' title='bbox 1691 785 1947 849; x_wconf 88' lang='lat' dir='ltr'>euangeli-</span> 
     </span>
     <span class='ocr_line' id='line_1_12' title="bbox 348 869 2193 938; baseline -0.003 -13"><span class='ocrx_word' id='word_1_67' title='bbox 348 878 574 926; x_wconf 86' lang='lat' dir='ltr'>zandum</span> <span class='ocrx_word' id='word_1_68' title='bbox 601 875 878 938; x_wconf 89' lang='lat' dir='ltr'>discipulos</span> <span class='ocrx_word' id='word_1_69' title='bbox 903 874 1119 922; x_wconf 74' lang='lat' dir='ltr'>dixisset</span> <span class='ocrx_word' id='word_1_70' title='bbox 1141 891 1151 921; x_wconf 88' lang='lat'>:</span> <span class='ocrx_word' id='word_1_71' title='bbox 1193 872 1424 920; x_wconf 85' lang='lat' dir='ltr'>‘Euntes</span> <span class='ocrx_word' id='word_1_72' title='bbox 1448 872 1627 919; x_wconf 89' lang='lat' dir='ltr'>autem</span> <span class='ocrx_word' id='word_1_73' title='bbox 1652 869 1943 933; x_wconf 87' lang='lat' dir='ltr'>praedicate</span> <span class='ocrx_word' id='word_1_74' title='bbox 1975 884 2127 920; x_wconf 71' lang='lat' dir='ltr'>Matth.</span> <span class='ocrx_word' id='word_1_75' title='bbox 2156 896 2193 920; x_wconf 84' lang='lat' dir='ltr'>x.</span> 
     </span>
     <span class='ocr_line' id='line_1_13' title="bbox 350 945 2002 1022; baseline -0.006 -13"><span class='ocrx_word' id='word_1_76' title='bbox 350 961 579 1009; x_wconf 86' lang='lat' dir='ltr'>dicentes</span> <span class='ocrx_word' id='word_1_77' title='bbox 590 959 710 1022; x_wconf 88' lang='lat' dir='ltr'>quia</span> <span class='ocrx_word' id='word_1_78' title='bbox 724 953 1188 1022; x_wconf 79' lang='lat' dir='ltr'>appropinquauit2</span> <span class='ocrx_word' id='word_1_79' title='bbox 1208 971 1431 1018; x_wconf 87' lang='lat' dir='ltr'>regnum</span> <span class='ocrx_word' id='word_1_80' title='bbox 1449 953 1711 1002; x_wconf 87' lang='lat' dir='ltr'>caelorum</span> <span class='ocrx_word' id='word_1_81' title='bbox 1727 953 1762 1013; x_wconf 89' lang='lat'>;&#39;</span> <span class='ocrx_word' id='word_1_82' title='bbox 1787 952 1944 1015; x_wconf 86' lang='lat' dir='ltr'>paulo</span> <span class='ocrx_word' id='word_1_83' title='bbox 1973 945 2002 979; x_wconf 88' lang='lat'>7·</span> 
     </span>
     <span class='ocr_line' id='line_1_14' title="bbox 347 1036 2136 1107; baseline -0.004 -16"><span class='ocrx_word' id='word_1_84' title='bbox 347 1046 464 1107; x_wconf 87' lang='lat' dir='ltr'>post</span> <span class='ocrx_word' id='word_1_85' title='bbox 494 1041 734 1090; x_wconf 79' lang='lat' dir='ltr'>adiunxit</span> <span class='ocrx_word' id='word_1_86' title='bbox 750 1042 779 1101; x_wconf 78' lang='lat'>3,</span> <span class='ocrx_word' id='word_1_87' title='bbox 812 1040 1013 1088; x_wconf 88' lang='lat' dir='ltr'>dicens:</span> <span class='ocrx_word' id='word_1_88' title='bbox 1045 1039 1250 1087; x_wconf 75' lang='lat' dir='ltr'>‘Gratis</span> <span class='ocrx_word' id='word_1_89' title='bbox 1286 1037 1567 1100; x_wconf 79' lang='lat' dir='ltr'>accepistis,</span> <span class='ocrx_word' id='word_1_90' title='bbox 1599 1036 1760 1099; x_wconf 89' lang='lat' dir='ltr'>gratis</span> <span class='ocrx_word' id='word_1_91' title='bbox 1793 1037 1911 1085; x_wconf 89' lang='lat' dir='ltr'>date</span> <span class='ocrx_word' id='word_1_92' title='bbox 1936 1055 1947 1098; x_wconf 82' lang='lat'><em>3</em></span> <span class='ocrx_word' id='word_1_93' title='bbox 1977 1048 2029 1085; x_wconf 87' lang='lat' dir='ltr'>ib.</span> <span class='ocrx_word' id='word_1_94' title='bbox 2048 1051 2081 1095; x_wconf 87' lang='lat'>8,</span> <span class='ocrx_word' id='word_1_95' title='bbox 2103 1061 2136 1096; x_wconf 93' lang='lat'>9.</span> 
     </span>
     <span class='ocr_line' id='line_1_15' title="bbox 349 1115 1951 1185; baseline -0.005 -14"><span class='ocrx_word' id='word_1_96' title='bbox 349 1123 512 1171; x_wconf 90' lang='lat' dir='ltr'>nolite</span> <span class='ocrx_word' id='word_1_97' title='bbox 531 1121 791 1185; x_wconf 84' lang='lat' dir='ltr'>possidere</span> <span class='ocrx_word' id='word_1_98' title='bbox 814 1136 1021 1178; x_wconf 83' lang='lat' dir='ltr'>aurum,</span> <span class='ocrx_word' id='word_1_99' title='bbox 1039 1134 1207 1180; x_wconf 89' lang='lat' dir='ltr'>neque</span> <span class='ocrx_word' id='word_1_100' title='bbox 1223 1117 1536 1181; x_wconf 88' lang='lat' dir='ltr'>argentum.&#39;</span> <span class='ocrx_word' id='word_1_101' title='bbox 1599 1116 1656 1165; x_wconf 83' lang='lat' dir='ltr'>Si</span> <span class='ocrx_word' id='word_1_102' title='bbox 1680 1132 1801 1179; x_wconf 91' lang='lat' dir='ltr'>ergo</span> <span class='ocrx_word' id='word_1_103' title='bbox 1828 1115 1951 1164; x_wconf 91' lang='lat' dir='ltr'>illos</span> 
     </span>
     <span class='ocr_line' id='line_1_16' title="bbox 349 1200 1950 1270; baseline -0.004 -16"><span class='ocrx_word' id='word_1_104' title='bbox 349 1207 505 1270; x_wconf 87' lang='lat' dir='ltr'>gratis</span> <span class='ocrx_word' id='word_1_105' title='bbox 544 1204 876 1267; x_wconf 83' lang='lat' dir='ltr'>euangelium</span> <span class='ocrx_word' id='word_1_106' title='bbox 913 1203 1205 1266; x_wconf 86' lang='lat' dir='ltr'>praedicare</span> <span class='ocrx_word' id='word_1_107' title='bbox 1238 1201 1404 1263; x_wconf 89' lang='lat' dir='ltr'>iussit,</span> <span class='ocrx_word' id='word_1_108' title='bbox 1436 1218 1607 1265; x_wconf 91' lang='lat' dir='ltr'>neque</span> <span class='ocrx_word' id='word_1_109' title='bbox 1645 1217 1834 1249; x_wconf 90' lang='lat' dir='ltr'>aurum</span> <span class='ocrx_word' id='word_1_110' title='bbox 1865 1200 1950 1249; x_wconf 89' lang='lat' dir='ltr'>uel</span> 
     </span>
     <span class='ocr_line' id='line_1_17' title="bbox 349 1283 1945 1351; baseline -0.004 -14"><span class='ocrx_word' id='word_1_111' title='bbox 349 1291 636 1351; x_wconf 85' lang='lat' dir='ltr'>argentum,</span> <span class='ocrx_word' id='word_1_112' title='bbox 690 1288 807 1336; x_wconf 71' lang='lat' dir='ltr'>uel4</span> <span class='ocrx_word' id='word_1_113' title='bbox 856 1285 1052 1349; x_wconf 84' lang='lat' dir='ltr'>aliquid</span> <span class='ocrx_word' id='word_1_114' title='bbox 1101 1285 1352 1348; x_wconf 87' lang='lat' dir='ltr'>pecuniae</span> <span class='ocrx_word' id='word_1_115' title='bbox 1394 1283 1698 1347; x_wconf 89' lang='lat' dir='ltr'>temporalis</span> <span class='ocrx_word' id='word_1_116' title='bbox 1743 1283 1808 1332; x_wconf 87' lang='lat' dir='ltr'>ab</span> <span class='ocrx_word' id='word_1_117' title='bbox 1855 1283 1945 1345; x_wconf 85' lang='lat' dir='ltr'>eis,</span> 
     </span>
     <span class='ocr_line' id='line_1_18' title="bbox 349 1367 1944 1435; baseline -0.003 -15"><span class='ocrx_word' id='word_1_118' title='bbox 349 1373 537 1435; x_wconf 89' lang='lat' dir='ltr'>quibus</span> <span class='ocrx_word' id='word_1_119' title='bbox 583 1371 960 1434; x_wconf 79' lang='lat' dir='ltr'>praedicabant,</span> <span class='ocrx_word' id='word_1_120' title='bbox 1008 1369 1236 1432; x_wconf 90' lang='lat' dir='ltr'>accipere</span> <span class='ocrx_word' id='word_1_121' title='bbox 1278 1368 1518 1432; x_wconf 88' lang='lat' dir='ltr'>permisit</span> <span class='ocrx_word' id='word_1_122' title='bbox 1543 1387 1554 1429; x_wconf 80' lang='lat'><em>3</em></span> <span class='ocrx_word' id='word_1_123' title='bbox 1610 1367 1750 1431; x_wconf 92' lang='lat' dir='ltr'>quid,</span> <span class='ocrx_word' id='word_1_124' title='bbox 1805 1384 1944 1431; x_wconf 88' lang='lat' dir='ltr'>rogo,</span> 
     </span>
     <span class='ocr_line' id='line_1_19' title="bbox 348 1451 1777 1518; baseline -0.002 -15"><span class='ocrx_word' id='word_1_125' title='bbox 348 1456 455 1504; x_wconf 91' lang='lat' dir='ltr'>illis</span> <span class='ocrx_word' id='word_1_126' title='bbox 481 1455 571 1518; x_wconf 90' lang='lat' dir='ltr'>qui</span> <span class='ocrx_word' id='word_1_127' title='bbox 594 1455 676 1502; x_wconf 87' lang='lat' dir='ltr'>his</span> <span class='ocrx_word' id='word_1_128' title='bbox 701 1454 955 1502; x_wconf 85' lang='lat' dir='ltr'>contraria</span> <span class='ocrx_word' id='word_1_129' title='bbox 980 1455 1182 1515; x_wconf 90' lang='lat' dir='ltr'>gerunt,</span> <span class='ocrx_word' id='word_1_130' title='bbox 1213 1452 1432 1515; x_wconf 88' lang='lat' dir='ltr'>periculi</span> <span class='ocrx_word' id='word_1_131' title='bbox 1456 1451 1777 1500; x_wconf 75' lang='lat' dir='ltr'>immineat?</span> 
     </span>
    </p>

    <p class='ocr_par' dir='ltr' id='par_1_4' title="bbox 346 1534 2125 3019">
     <span class='ocr_line' id='line_1_20' title="bbox 421 1534 1943 1600; baseline -0.004 -12"><span class='ocrx_word' id='word_1_132' title='bbox 421 1550 463 1599; x_wconf 83' lang='lat'>7.</span> <span class='ocrx_word' id='word_1_133' title='bbox 505 1538 736 1587; x_wconf 83' lang='lat' dir='ltr'>Attende</span> <span class='ocrx_word' id='word_1_134' title='bbox 757 1537 881 1600; x_wconf 91' lang='lat' dir='ltr'>quid</span> <span class='ocrx_word' id='word_1_135' title='bbox 907 1535 1205 1600; x_wconf 87' lang='lat' dir='ltr'>grauissimi</span> <span class='ocrx_word' id='word_1_136' title='bbox 1231 1535 1438 1584; x_wconf 85' lang='lat' dir='ltr'>sceleris</span> <span class='ocrx_word' id='word_1_137' title='bbox 1462 1535 1543 1583; x_wconf 92' lang='grc'>1111</span> <span class='ocrx_word' id='word_1_138' title='bbox 1568 1534 1943 1595; x_wconf 81' lang='lat' dir='ltr'>commiserint,</span> 
     </span>
     <span class='ocr_line' id='line_1_21' title="bbox 351 1618 1949 1685; baseline -0.003 -15"><span class='ocrx_word' id='word_1_139' title='bbox 351 1622 440 1685; x_wconf 91' lang='lat' dir='ltr'>qui</span> <span class='ocrx_word' id='word_1_140' title='bbox 465 1624 516 1670; x_wconf 88' lang='lat' dir='ltr'>et</span> <span class='ocrx_word' id='word_1_141' title='bbox 543 1624 748 1670; x_wconf 84' lang='lat' dir='ltr'>terrena</span> <span class='ocrx_word' id='word_1_142' title='bbox 778 1621 841 1668; x_wconf 88' lang='lat' dir='ltr'>ab</span> <span class='ocrx_word' id='word_1_143' title='bbox 873 1619 1195 1668; x_wconf 82' lang='lat' dir='ltr'>auditoribus</span> <span class='ocrx_word' id='word_1_144' title='bbox 1225 1619 1335 1668; x_wconf 92' lang='lat' dir='ltr'>suis</span> <span class='ocrx_word' id='word_1_145' title='bbox 1372 1620 1514 1667; x_wconf 86' lang='lat' dir='ltr'>lucra</span> <span class='ocrx_word' id='word_1_146' title='bbox 1549 1618 1949 1681; x_wconf 84' lang='lat' dir='ltr'>diligentissime</span> 
     </span>
     <span class='ocr_line' id='line_1_22' title="bbox 349 1701 1948 1768; baseline -0.003 -15"><span class='ocrx_word' id='word_1_147' title='bbox 349 1706 618 1768; x_wconf 77' lang='lat' dir='ltr'>requirere,</span> <span class='ocrx_word' id='word_1_148' title='bbox 651 1707 702 1752; x_wconf 89' lang='lat' dir='ltr'>et</span> <span class='ocrx_word' id='word_1_149' title='bbox 738 1721 832 1766; x_wconf 89' lang='lat' dir='ltr'>pro</span> <span class='ocrx_word' id='word_1_150' title='bbox 867 1721 1046 1752; x_wconf 89' lang='lat' dir='ltr'>eorum</span> <span class='ocrx_word' id='word_1_151' title='bbox 1081 1703 1248 1751; x_wconf 89' lang='lat' dir='ltr'>salute</span> <span class='ocrx_word' id='word_1_152' title='bbox 1285 1705 1497 1752; x_wconf 87' lang='lat' dir='ltr'>aeterna</span> <span class='ocrx_word' id='word_1_153' title='bbox 1528 1702 1692 1751; x_wconf 90' lang='lat' dir='ltr'>nichil</span> <span class='ocrx_word' id='word_1_154' title='bbox 1726 1701 1948 1750; x_wconf 89' lang='lat' dir='ltr'>omnino</span> 
     </span>
     <span class='ocr_line' id='line_1_23' title="bbox 347 1784 1947 1852; baseline -0.002 -16"><span class='ocrx_word' id='word_1_155' title='bbox 347 1787 701 1852; x_wconf 86' lang='lat' dir='ltr'>praedicando,</span> <span class='ocrx_word' id='word_1_156' title='bbox 744 1787 828 1835; x_wconf 92' lang='lat' dir='ltr'>uel</span> <span class='ocrx_word' id='word_1_157' title='bbox 865 1787 1201 1848; x_wconf 84' lang='lat' dir='ltr'>exhortando,</span> <span class='ocrx_word' id='word_1_158' title='bbox 1251 1786 1335 1834; x_wconf 93' lang='lat' dir='ltr'>uel</span> <span class='ocrx_word' id='word_1_159' title='bbox 1378 1786 1709 1849; x_wconf 89' lang='lat' dir='ltr'>increpando,</span> <span class='ocrx_word' id='word_1_160' title='bbox 1754 1784 1947 1834; x_wconf 87' lang='lat' dir='ltr'>laboris</span> 
     </span>
     <span class='ocr_line' id='line_1_24' title="bbox 347 1869 1951 1934; baseline -0.002 -14"><span class='ocrx_word' id='word_1_161' title='bbox 347 1872 646 1934; x_wconf 86' lang='lat' dir='ltr'>impendere</span> <span class='ocrx_word' id='word_1_162' title='bbox 693 1871 1017 1919; x_wconf 89' lang='lat' dir='ltr'>contendunt</span> <span class='ocrx_word' id='word_1_163' title='bbox 1035 1870 1066 1916; x_wconf 79' lang='lat'>⁵.</span> <span class='ocrx_word' id='word_1_164' title='bbox 1157 1870 1389 1919; x_wconf 82' lang='lat' dir='ltr'>Sollicite</span> <span class='ocrx_word' id='word_1_165' title='bbox 1441 1872 1598 1933; x_wconf 87' lang='lat' dir='ltr'>atque</span> <span class='ocrx_word' id='word_1_166' title='bbox 1653 1869 1951 1918; x_wconf 84' lang='lat' dir='ltr'>intentione</span> 
     </span>
     <span class='ocr_line' id='line_1_25' title="bbox 349 1953 1950 2018; baseline -0.002 -15"><span class='ocrx_word' id='word_1_167' title='bbox 349 1955 561 2015; x_wconf 84' lang='lat' dir='ltr'>curiosa,</span> <span class='ocrx_word' id='word_1_168' title='bbox 610 1954 830 2003; x_wconf 86' lang='lat' dir='ltr'>antistes</span> <span class='ocrx_word' id='word_1_169' title='bbox 877 1955 1229 2015; x_wconf 85' lang='lat' dir='ltr'>dilectissime,</span> <span class='ocrx_word' id='word_1_170' title='bbox 1272 1955 1548 2018; x_wconf 88' lang='lat' dir='ltr'>perpende.</span> <span class='ocrx_word' id='word_1_171' title='bbox 1624 1953 1950 2003; x_wconf 90' lang='lat' dir='ltr'>Audiuimus</span> 
     </span>
     <span class='ocr_line' id='line_1_26' title="bbox 349 2037 1950 2101; baseline -0.001 -15"><span class='ocrx_word' id='word_1_172' title='bbox 349 2038 505 2099; x_wconf 88' lang='lat' dir='ltr'>enim,</span> <span class='ocrx_word' id='word_1_173' title='bbox 536 2041 587 2086; x_wconf 90' lang='lat' dir='ltr'>et</span> <span class='ocrx_word' id='word_1_174' title='bbox 612 2038 751 2086; x_wconf 87' lang='lat' dir='ltr'>fama</span> <span class='ocrx_word' id='word_1_175' title='bbox 777 2041 867 2100; x_wconf 85' lang='lat' dir='ltr'>est,</span> <span class='ocrx_word' id='word_1_176' title='bbox 900 2038 1019 2101; x_wconf 90' lang='lat' dir='ltr'>quia</span> <span class='ocrx_word' id='word_1_177' title='bbox 1044 2038 1244 2086; x_wconf 87' lang='lat' dir='ltr'>multae</span> <span class='ocrx_word' id='word_1_178' title='bbox 1274 2038 1433 2086; x_wconf 90' lang='lat' dir='ltr'>uillae</span> <span class='ocrx_word' id='word_1_179' title='bbox 1465 2054 1521 2086; x_wconf 92' lang='lat' dir='ltr'>ac</span> <span class='ocrx_word' id='word_1_180' title='bbox 1555 2037 1719 2086; x_wconf 92' lang='lat' dir='ltr'>uiculi</span> <span class='ocrx_word' id='word_1_181' title='bbox 1743 2038 1950 2085; x_wconf 80' lang='lat' dir='ltr'>nostra-e</span> 
     </span>
     <span class='ocr_line' id='line_1_27' title="bbox 348 2121 1950 2186; baseline -0.001 -17"><span class='ocrx_word' id='word_1_182' title='bbox 348 2121 518 2186; x_wconf 86' lang='lat' dir='ltr'>gentis</span> <span class='ocrx_word' id='word_1_183' title='bbox 543 2121 598 2168; x_wconf 92' lang='lat' dir='ltr'>in</span> <span class='ocrx_word' id='word_1_184' title='bbox 622 2121 891 2169; x_wconf 90' lang='lat' dir='ltr'>montibus</span> <span class='ocrx_word' id='word_1_185' title='bbox 917 2121 1020 2169; x_wconf 89' lang='lat' dir='ltr'>sint</span> <span class='ocrx_word' id='word_1_186' title='bbox 1058 2121 1333 2170; x_wconf 89' lang='lat' dir='ltr'>inaccessis</span> <span class='ocrx_word' id='word_1_187' title='bbox 1366 2139 1423 2170; x_wconf 87' lang='lat' dir='ltr'>ac</span> <span class='ocrx_word' id='word_1_188' title='bbox 1458 2121 1680 2170; x_wconf 90' lang='lat' dir='ltr'>saltibus</span> <span class='ocrx_word' id='word_1_189' title='bbox 1711 2121 1950 2169; x_wconf 87' lang='lat' dir='ltr'>dumosis</span> 
     </span>
     <span class='ocr_line' id='line_1_28' title="bbox 347 2203 1950 2272; baseline 0 -21"><span class='ocrx_word' id='word_1_190' title='bbox 347 2204 518 2267; x_wconf 88' lang='lat' dir='ltr'>positi,</span> <span class='ocrx_word' id='word_1_191' title='bbox 566 2205 656 2252; x_wconf 89' lang='lat' dir='ltr'>ubi</span> <span class='ocrx_word' id='word_1_192' title='bbox 693 2221 965 2267; x_wconf 82' lang='lat' dir='ltr'>nunquam</span> <span class='ocrx_word' id='word_1_193' title='bbox 1008 2205 1192 2253; x_wconf 87' lang='lat' dir='ltr'>multis</span> <span class='ocrx_word' id='word_1_194' title='bbox 1239 2204 1637 2254; x_wconf 87' lang='lat' dir='ltr'>transeuntibus</span> <span class='ocrx_word' id='word_1_195' title='bbox 1679 2203 1833 2253; x_wconf 89' lang='lat' dir='ltr'>annis</span> <span class='ocrx_word' id='word_1_196' title='bbox 1880 2204 1950 2272; x_wconf 83' lang='lat' dir='ltr'>sit</span> 
     </span>
     <span class='ocr_line' id='line_1_29' title="bbox 349 2287 1950 2351; baseline 0 -17"><span class='ocrx_word' id='word_1_197' title='bbox 349 2287 494 2335; x_wconf 84' lang='lat' dir='ltr'>uisus</span> <span class='ocrx_word' id='word_1_198' title='bbox 519 2288 749 2350; x_wconf 81' lang='lat' dir='ltr'>antistes,</span> <span class='ocrx_word' id='word_1_199' title='bbox 782 2289 872 2351; x_wconf 92' lang='lat' dir='ltr'>qui</span> <span class='ocrx_word' id='word_1_200' title='bbox 896 2288 1092 2337; x_wconf 87' lang='lat' dir='ltr'>ibidem</span> <span class='ocrx_word' id='word_1_201' title='bbox 1119 2288 1318 2351; x_wconf 91' lang='lat' dir='ltr'>aliquid</span> <span class='ocrx_word' id='word_1_202' title='bbox 1334 2287 1617 2337; x_wconf 87' lang='lat' dir='ltr'>ministerii</span> <span class='ocrx_word' id='word_1_203' title='bbox 1641 2289 1730 2336; x_wconf 90' lang='lat' dir='ltr'>aut</span> <span class='ocrx_word' id='word_1_204' title='bbox 1755 2287 1950 2350; x_wconf 87' lang='lat' dir='ltr'>gratiae</span> 
     </span>
     <span class='ocr_line' id='line_1_30' title="bbox 350 2370 1949 2435; baseline -0.001 -14"><span class='ocrx_word' id='word_1_205' title='bbox 350 2372 585 2421; x_wconf 85' lang='lat' dir='ltr'>caelestis</span> <span class='ocrx_word' id='word_1_206' title='bbox 606 2372 897 2420; x_wconf 75' lang='lat' dir='ltr'>exhibuerit</span> <span class='ocrx_word' id='word_1_207' title='bbox 920 2391 930 2433; x_wconf 88' lang='lat'>;</span> <span class='ocrx_word' id='word_1_208' title='bbox 958 2390 1181 2435; x_wconf 90' lang='lat' dir='ltr'>quorum</span> <span class='ocrx_word' id='word_1_209' title='bbox 1208 2374 1388 2421; x_wconf 88' lang='lat' dir='ltr'>tamen</span> <span class='ocrx_word' id='word_1_210' title='bbox 1414 2372 1511 2420; x_wconf 78' lang='lat' dir='ltr'>ne⁶</span> <span class='ocrx_word' id='word_1_211' title='bbox 1530 2372 1703 2420; x_wconf 81' lang='lat' dir='ltr'>unus⁷</span> <span class='ocrx_word' id='word_1_212' title='bbox 1734 2370 1949 2434; x_wconf 91' lang='lat' dir='ltr'>quidem</span> 
     </span>
     <span class='ocr_line' id='line_1_31' title="bbox 346 2455 1949 2519; baseline -0.001 -15"><span class='ocrx_word' id='word_1_213' title='bbox 346 2473 374 2504; x_wconf 87' lang='lat' dir='ltr'>a</span> <span class='ocrx_word' id='word_1_214' title='bbox 400 2455 611 2504; x_wconf 86' lang='lat' dir='ltr'>tributis</span> <span class='ocrx_word' id='word_1_215' title='bbox 636 2455 859 2503; x_wconf 84' lang='lat' dir='ltr'>antistiti</span> <span class='ocrx_word' id='word_1_216' title='bbox 883 2455 1162 2504; x_wconf 85' lang='lat' dir='ltr'>reddendis</span> <span class='ocrx_word' id='word_1_217' title='bbox 1188 2472 1299 2504; x_wconf 90' lang='lat' dir='ltr'>esse</span> <span class='ocrx_word' id='word_1_218' title='bbox 1325 2455 1491 2519; x_wconf 90' lang='lat' dir='ltr'>possit</span> <span class='ocrx_word' id='word_1_219' title='bbox 1523 2455 1782 2503; x_wconf 88' lang='lat' dir='ltr'>immunis</span> <span class='ocrx_word' id='word_1_220' title='bbox 1804 2472 1815 2516; x_wconf 91' lang='lat'>;</span> <span class='ocrx_word' id='word_1_221' title='bbox 1853 2471 1949 2503; x_wconf 86' lang='lat' dir='ltr'>nec</span> 
     </span>
     <span class='ocr_line' id='line_1_32' title="bbox 346 2537 1948 2602; baseline -0.001 -14"><span class='ocrx_word' id='word_1_222' title='bbox 346 2539 517 2588; x_wconf 88' lang='lat' dir='ltr'>solum</span> <span class='ocrx_word' id='word_1_223' title='bbox 544 2538 735 2586; x_wconf 88' lang='lat' dir='ltr'>talibus</span> <span class='ocrx_word' id='word_1_224' title='bbox 753 2538 879 2587; x_wconf 92' lang='lat' dir='ltr'>locis</span> <span class='ocrx_word' id='word_1_225' title='bbox 896 2539 1028 2587; x_wconf 89' lang='lat' dir='ltr'>desit</span> <span class='ocrx_word' id='word_1_226' title='bbox 1043 2539 1276 2596; x_wconf 86' lang='lat' dir='ltr'>antistes,</span> <span class='ocrx_word' id='word_1_227' title='bbox 1297 2539 1387 2602; x_wconf 92' lang='lat' dir='ltr'>qui</span> <span class='ocrx_word' id='word_1_228' title='bbox 1405 2556 1594 2588; x_wconf 88' lang='lat' dir='ltr'>manus</span> <span class='ocrx_word' id='word_1_229' title='bbox 1610 2537 1948 2601; x_wconf 92' lang='lat' dir='ltr'>impositione</span> 
     </span>
     <span class='ocr_line' id='line_1_33' title="bbox 346 2622 2125 2687; baseline 0.004 -18"><span class='ocrx_word' id='word_1_230' title='bbox 346 2623 629 2685; x_wconf 84' lang='lat' dir='ltr'>baptizatos</span> <span class='ocrx_word' id='word_1_231' title='bbox 663 2622 667 2686; x_wconf 91' lang='grc' dir='ltr'>Ι</span> <span class='ocrx_word' id='word_1_232' title='bbox 701 2622 989 2684; x_wconf 83' lang='lat' dir='ltr'>confirmet,</span> <span class='ocrx_word' id='word_1_233' title='bbox 1014 2639 1203 2671; x_wconf 88' lang='lat' dir='ltr'>uerum</span> <span class='ocrx_word' id='word_1_234' title='bbox 1229 2623 1389 2672; x_wconf 89' lang='lat' dir='ltr'>etiam</span> <span class='ocrx_word' id='word_1_235' title='bbox 1410 2624 1424 2646; x_wconf 68' lang='lat'><em>⁸</em></span> <span class='ocrx_word' id='word_1_236' title='bbox 1442 2622 1616 2671; x_wconf 91' lang='lat' dir='ltr'>omnis</span> <span class='ocrx_word' id='word_1_237' title='bbox 1642 2623 1830 2684; x_wconf 86' lang='lat' dir='ltr'>doctor,</span> <span class='ocrx_word' id='word_1_238' title='bbox 1855 2622 1949 2685; x_wconf 93' lang='lat' dir='ltr'>qui</span> <span class='ocrx_word' id='word_1_239' title='bbox 1976 2639 2003 2675; x_wconf 84' lang='lat' dir='ltr'>f.</span> <span class='ocrx_word' id='word_1_240' title='bbox 2025 2652 2067 2687; x_wconf 88' lang='lat'>91</span> <span class='ocrx_word' id='word_1_241' title='bbox 2088 2639 2125 2676; x_wconf 89' lang='lat' dir='ltr'>b.</span> 
     </span>
     <span class='ocr_line' id='line_1_34' title="bbox 352 2705 1948 2755; baseline 0.001 -2"><span class='ocrx_word' id='word_1_242' title='bbox 352 2722 437 2754; x_wconf 90' lang='lat' dir='ltr'>eos</span> <span class='ocrx_word' id='word_1_243' title='bbox 475 2706 591 2753; x_wconf 76' lang='lat' dir='ltr'>uel⁹</span> <span class='ocrx_word' id='word_1_244' title='bbox 634 2705 756 2753; x_wconf 90' lang='lat' dir='ltr'>fidei</span> <span class='ocrx_word' id='word_1_245' title='bbox 794 2707 1070 2754; x_wconf 86' lang='lat' dir='ltr'>ueritatem</span> <span class='ocrx_word' id='word_1_246' title='bbox 1117 2707 1205 2754; x_wconf 90' lang='lat' dir='ltr'>uel</span> <span class='ocrx_word' id='word_1_247' title='bbox 1254 2706 1627 2754; x_wconf 88' lang='lat' dir='ltr'>discretionem</span> <span class='ocrx_word' id='word_1_248' title='bbox 1676 2706 1842 2754; x_wconf 80' lang='lat' dir='ltr'>bonae</span> <span class='ocrx_word' id='word_1_249' title='bbox 1891 2723 1948 2755; x_wconf 87' lang='lat' dir='ltr'>ac</span> 
     </span>
     <span class='ocr_line' id='line_1_35' title="bbox 350 2787 1950 2852; baseline 0 -16"><span class='ocrx_word' id='word_1_250' title='bbox 350 2789 516 2836; x_wconf 86' lang='lat' dir='ltr'>malae</span> <span class='ocrx_word' id='word_1_251' title='bbox 558 2789 776 2837; x_wconf 83' lang='lat' dir='ltr'>actionis</span> <span class='ocrx_word' id='word_1_252' title='bbox 824 2790 1044 2851; x_wconf 88' lang='lat' dir='ltr'>edoceat,</span> <span class='ocrx_word' id='word_1_253' title='bbox 1092 2789 1242 2839; x_wconf 85' lang='lat' dir='ltr'>absit.</span> <span class='ocrx_word' id='word_1_254' title='bbox 1323 2790 1511 2852; x_wconf 82' lang='lat' dir='ltr'>Sicque</span> <span class='ocrx_word' id='word_1_255' title='bbox 1559 2789 1635 2851; x_wconf 85' lang='lat' dir='ltr'>fit,</span> <span class='ocrx_word' id='word_1_256' title='bbox 1684 2791 1744 2837; x_wconf 93' lang='lat' dir='ltr'>ut</span> <span class='ocrx_word' id='word_1_257' title='bbox 1762 2787 1797 2813; x_wconf 82' lang='lat'>¹⁰</span> <span class='ocrx_word' id='word_1_258' title='bbox 1847 2790 1950 2852; x_wconf 88' lang='lat' dir='ltr'>epi-</span> 
     </span>
     <span class='ocr_line' id='line_1_36' title="bbox 351 2872 1941 2936; baseline 0.001 -16"><span class='ocrx_word' id='word_1_259' title='bbox 351 2888 624 2933; x_wconf 80' lang='lat' dir='ltr'>scoporum</span> <span class='ocrx_word' id='word_1_260' title='bbox 659 2872 870 2933; x_wconf 88' lang='lat' dir='ltr'>quidam</span> <span class='ocrx_word' id='word_1_261' title='bbox 902 2889 1010 2920; x_wconf 93' lang='lat' dir='ltr'>non</span> <span class='ocrx_word' id='word_1_262' title='bbox 1045 2873 1217 2921; x_wconf 89' lang='lat' dir='ltr'>solum</span> <span class='ocrx_word' id='word_1_263' title='bbox 1244 2873 1405 2936; x_wconf 83' lang='lat' dir='ltr'>gratis</span> <span class='ocrx_word' id='word_1_264' title='bbox 1432 2890 1540 2921; x_wconf 88' lang='lat' dir='ltr'>non</span> <span class='ocrx_word' id='word_1_265' title='bbox 1566 2872 1941 2936; x_wconf 87' lang='lat' dir='ltr'>euangelizent,</span> 
     </span>
     <span class='ocr_line' id='line_1_37' title="bbox 352 2954 1946 3019; baseline 0.003 -18"><span class='ocrx_word' id='word_1_266' title='bbox 352 2955 436 3002; x_wconf 89' lang='lat' dir='ltr'>uel</span> <span class='ocrx_word' id='word_1_267' title='bbox 480 2970 666 3002; x_wconf 86' lang='lat' dir='ltr'>manus</span> <span class='ocrx_word' id='word_1_268' title='bbox 708 2954 950 3004; x_wconf 89' lang='lat' dir='ltr'>fidelibus</span> <span class='ocrx_word' id='word_1_269' title='bbox 988 2956 1297 3018; x_wconf 88' lang='lat' dir='ltr'>imponant;</span> <span class='ocrx_word' id='word_1_270' title='bbox 1349 2973 1536 3005; x_wconf 91' lang='lat' dir='ltr'>uerum</span> <span class='ocrx_word' id='word_1_271' title='bbox 1586 2956 1762 3018; x_wconf 85' lang='lat' dir='ltr'>etiam,</span> <span class='ocrx_word' id='word_1_272' title='bbox 1807 2957 1946 3019; x_wconf 91' lang='lat' dir='ltr'>quod</span> 
     </span>
    </p>
   </div>
   <div class='ocr_carea' id='block_1_4' title="bbox 353 3092 1942 3278">
    <p class='ocr_par' dir='ltr' id='par_1_5' title="bbox 353 3092 1942 3278">
     <span class='ocr_line' id='line_1_38' title="bbox 409 3092 1942 3136; baseline 0.003 -5"><span class='ocrx_word' id='word_1_273' title='bbox 409 3092 420 3113; x_wconf 80' lang='lat'>¹</span> <span class='ocrx_word' id='word_1_274' title='bbox 453 3094 499 3131; x_wconf 84' lang='lat' dir='ltr'>in</span> <span class='ocrx_word' id='word_1_275' title='bbox 524 3094 607 3133; x_wconf 87' lang='lat' dir='ltr'>fut.</span> <span class='ocrx_word' id='word_1_276' title='bbox 629 3106 674 3133; x_wconf 87' lang='lat' dir='ltr'>es</span> <span class='ocrx_word' id='word_1_277' title='bbox 694 3107 777 3133; x_wconf 86' lang='lat' dir='ltr'>rec.</span> <span class='ocrx_word' id='word_1_278' title='bbox 801 3095 859 3134; x_wconf 92' lang='lat' dir='ltr'>M.</span> <span class='ocrx_word' id='word_1_279' title='bbox 1060 3094 1075 3116; x_wconf 77' lang='lat'><strong>²</strong></span> <span class='ocrx_word' id='word_1_280' title='bbox 1105 3096 1205 3135; x_wconf 87' lang='lat' dir='ltr'>-bit.</span> <span class='ocrx_word' id='word_1_281' title='bbox 1231 3095 1294 3135; x_wconf 87' lang='lat' dir='ltr'>H.</span> <span class='ocrx_word' id='word_1_282' title='bbox 1314 3094 1374 3134; x_wconf 91' lang='lat' dir='ltr'>M.</span> <span class='ocrx_word' id='word_1_283' title='bbox 1579 3094 1594 3117; x_wconf 84' lang='grc'><strong>3</strong></span> <span class='ocrx_word' id='word_1_284' title='bbox 1626 3096 1864 3135; x_wconf 82' lang='lat' dir='ltr'>subiunxit</span> <span class='ocrx_word' id='word_1_285' title='bbox 1884 3096 1942 3136; x_wconf 89' lang='lat' dir='ltr'>M.</span> 
     </span>
     <span class='ocr_line' id='line_1_39' title="bbox 355 3158 1941 3203; baseline 0.003 -6"><span class='ocrx_word' id='word_1_286' title='bbox 355 3158 367 3180; x_wconf 84' lang='lat'>⁴</span> <span class='ocrx_word' id='word_1_287' title='bbox 393 3161 437 3197; x_wconf 86' lang='lat' dir='ltr'>et</span> <span class='ocrx_word' id='word_1_288' title='bbox 458 3159 516 3198; x_wconf 94' lang='lat' dir='ltr'>M.</span> <span class='ocrx_word' id='word_1_289' title='bbox 684 3160 698 3183; x_wconf 86' lang='lat'>⁵</span> <span class='ocrx_word' id='word_1_290' title='bbox 727 3161 976 3200; x_wconf 87' lang='lat' dir='ltr'>intendunt</span> <span class='ocrx_word' id='word_1_291' title='bbox 998 3161 1057 3202; x_wconf 91' lang='lat' dir='ltr'>M.</span> <span class='ocrx_word' id='word_1_292' title='bbox 1230 3162 1244 3185; x_wconf 81' lang='lat'><strong>⁶</strong></span> <span class='ocrx_word' id='word_1_293' title='bbox 1274 3174 1356 3200; x_wconf 91' lang='lat' dir='ltr'>nec</span> <span class='ocrx_word' id='word_1_294' title='bbox 1378 3161 1440 3200; x_wconf 92' lang='lat' dir='ltr'>H.</span> <span class='ocrx_word' id='word_1_295' title='bbox 1609 3161 1624 3185; x_wconf 85' lang='lat'>⁷</span> <span class='ocrx_word' id='word_1_296' title='bbox 1653 3175 1773 3203; x_wconf 88' lang='lat' dir='ltr'>unus</span> <span class='ocrx_word' id='word_1_297' title='bbox 1788 3176 1862 3203; x_wconf 84' lang='lat' dir='ltr'>om.</span> <span class='ocrx_word' id='word_1_298' title='bbox 1884 3163 1941 3202; x_wconf 91' lang='lat' dir='ltr'>M.</span> 
     </span>
     <span class='ocr_line' id='line_1_40' title="bbox 353 3223 1539 3278; baseline 0.004 -14"><span class='ocrx_word' id='word_1_299' title='bbox 353 3223 366 3243; x_wconf 70' lang='lat'>⁵³</span> <span class='ocrx_word' id='word_1_300' title='bbox 394 3228 437 3264; x_wconf 77' lang='lat' dir='ltr'>ct</span> <span class='ocrx_word' id='word_1_301' title='bbox 460 3225 518 3265; x_wconf 89' lang='lat' dir='ltr'>H.</span> <span class='ocrx_word' id='word_1_302' title='bbox 687 3226 702 3249; x_wconf 86' lang='lat'><strong>⁹</strong></span> <span class='ocrx_word' id='word_1_303' title='bbox 732 3227 802 3267; x_wconf 91' lang='lat' dir='ltr'>uel</span> <span class='ocrx_word' id='word_1_304' title='bbox 827 3228 904 3278; x_wconf 89' lang='lat' dir='ltr'>qui</span> <span class='ocrx_word' id='word_1_305' title='bbox 926 3241 998 3267; x_wconf 88' lang='lat' dir='ltr'>eos</span> <span class='ocrx_word' id='word_1_306' title='bbox 1020 3229 1077 3268; x_wconf 94' lang='lat' dir='ltr'>M.</span> <span class='ocrx_word' id='word_1_307' title='bbox 1252 3227 1281 3250; x_wconf 85' lang='lat'>¹⁰</span> <span class='ocrx_word' id='word_1_308' title='bbox 1310 3231 1362 3268; x_wconf 87' lang='lat' dir='ltr'>ut</span> <span class='ocrx_word' id='word_1_309' title='bbox 1382 3241 1458 3269; x_wconf 79' lang='lat' dir='ltr'>om.</span> <span class='ocrx_word' id='word_1_310' title='bbox 1480 3228 1539 3269; x_wconf 92' lang='lat' dir='ltr'>M.</span> 
     </span>
    </p>
   </div>
  </div>
 </body>
</html>
