2240 3444
207 185 305 224 CAP.
327 179 444 231 νη]
734 171 926 225 Gentis
965 171 1306 240 Awylorum.
1725 173 1793 222 19

273 317 506 381 Contigit
530 320 704 366 autem
743 317 965 366 iudicem
1004 333 1061 364 ea
1097 318 1235 371 hora,
1265 333 1363 379 qua
1401 317 1462 364 ad
1501 333 1618 364 eum
1645 317 1794 365 Alba-

204 415 304 446 nus
332 400 692 461 adducebatur,
724 400 826 448 aris
859 400 1115 455 adsistere,
1143 416 1198 447 ac
1235 399 1574 447 daemonibus
1604 400 1798 447 hostias

204 482 398 530 offerre.
476 483 712 544 Cumque
739 482 953 529 uidisset
968 481 1251 540 Albanum,
1277 498 1398 528 mox
1423 481 1496 528 ira
1523 497 1797 528 succensus

204 565 381 622 nimia,
412 567 546 627 quod
575 582 628 613 se
652 565 741 612 ille
764 565 901 612 ultro
931 581 1023 627 pro
1052 564 1270 626 hospite,
1303 580 1459 626 quem
1487 565 1792 624 susceperat,

205 646 464 694 militibus
489 646 681 707 offerre,
713 663 769 694 ac
790 644 802 667 ¹
831 645 1120 694 discrimini
1145 647 1265 693 dare
1297 644 1705 707 praesumsisset,
1736 644 1798 691 ad

207 725 480 774 simulacra
505 728 833 787 daemonum,
857 727 1044 789 quibus
1064 727 1357 787 adsistebat,
1380 743 1498 773 eum
1527 725 1676 773 iussit
1695 742 1801 787 per·

207 808 343 856 trahi
366 828 377 857 ε
421 809 579 869 ‘Quia
604 810 886 870 rebellem,'
910 810 1168 872 inquiens,
1199 809 1283 857 ‘ac
1309 809 1612 870 sacrilegum
1639 809 1801 855 celare

209 906 365 951 quam
390 891 648 939 militibus
680 892 891 939 reddere
923 891 1169 952 maluisti,
1209 893 1268 939 ut
1301 892 1593 938 contemtor
1618 891 1802 938 diuum

209 973 452 1020 meritam
477 972 827 1035 blasphemiae
852 989 972 1021 suae
996 990 1216 1034 poenam
1241 973 1417 1033 lueret,
1451 988 1803 1034 quaecumque

209 1054 287 1101 illi
324 1055 644 1103 debebantur
679 1055 942 1117 supplicia,
980 1057 1037 1102 tu
1077 1056 1276 1103 soluere
1312 1055 1486 1114 habes,
1517 1054 1560 1102 si
1595 1071 1624 1101 a
1661 1054 1803 1101 cultu

210 1140 417 1185 nostrae
442 1137 706 1201 religionis
732 1138 990 1186 discedere
1016 1139 1239 1186 temtas.'
1311 1139 1386 1186 At
1420 1139 1629 1185 sanctus
1653 1137 1805 1184 Alba-

210 1236 323 1280 nus,
357 1220 446 1282 qui
471 1237 524 1267 se
549 1221 686 1268 ultro
712 1220 1126 1282 persecutoribus
1160 1220 1282 1268 fidei
1316 1219 1672 1268 Christianum
1698 1235 1807 1265 esse

210 1302 518 1365 prodiderat,
563 1319 892 1365 nequaquam
933 1303 1103 1351 minas
1141 1303 1392 1365 principis
1434 1302 1658 1362 metuit;
1718 1301 1806 1349 sed

211 1385 469 1433 accinctus
493 1386 652 1434 armis
677 1386 896 1434 militiae
921 1386 1178 1448 spiritalis,
1209 1386 1382 1447 palam
1408 1402 1462 1432 se
1487 1384 1642 1432 iussis
1665 1383 1809 1431 illius

213 1484 389 1530 parere
422 1469 563 1516 nolle
591 1468 964 1531 pronuntiabat
979 1468 1009 1518 2.
1086 1470 1222 1516 Tum
1256 1469 1445 1516 iudex:
1489 1467 1710 1527 ‘Cuius,’
1737 1466 1809 1513 in-

214 1550 340 1612 quit,
389 1551 642 1600 ‘familiae
678 1552 763 1599 uel
799 1552 1001 1614 generis
1038 1553 1135 1600 es‘?
1156 1552 1167 1571 ⁹
1233 1551 1471 1599 Albanus
1506 1548 1809 1611 respondit:

221 1633 384 1693 ‘Quid
423 1635 485 1682 ad
523 1636 574 1681 te
610 1634 849 1696 pertinet,
883 1651 982 1696 qua
1019 1633 1119 1681 sim
1157 1633 1318 1695 stirpe
1351 1632 1603 1695 genitus?
1652 1631 1740 1678 sed
1767 1630 1811 1677 si

215 1715 489 1764 ueritatem
514 1716 779 1778 religionis
808 1715 986 1764 audire
1020 1715 1290 1775 desideras,
1323 1713 1681 1763 Christianum
1706 1711 1811 1759 iam

215 1816 300 1846 me
326 1815 447 1860 esse,
492 1798 906 1861 Christianisque
940 1798 1118 1847 officiis
1147 1814 1327 1846 uacare
1363 1796 1644 1859 cognosce.’
1716 1793 1810 1842 Ait

216 1880 407 1928 iudex:
462 1880 695 1927 ‘Nomen
732 1883 884 1928 tuum
923 1897 1124 1942 quaero,
1169 1879 1303 1942 quod
1343 1879 1455 1926 sine
1493 1894 1639 1925 mora
1678 1875 1812 1924 mihi

217 1961 461 2010 insinua.’
532 1961 638 2009 At3
675 1962 796 2010 ille:
848 1962 1146 2022 ‘Albanus,'
1183 1961 1369 2023 inquit,
1418 1961 1474 2007 ‘a
1509 1959 1813 2022 parentibus

217 2062 387 2106 uocor,
419 2047 469 2093 et
494 2046 665 2093 Deum
691 2062 876 2093 uerum
901 2062 957 2092 ac
984 2045 1181 2104 uiuum,
1215 2045 1305 2106 qui
1330 2043 1576 2091 uniuersa
1601 2041 1807 2101 creauit,

220 2127 373 2175 adoro
407 2143 622 2189 semper,
651 2129 702 2174 et
740 2127 883 2175 colo.'
954 2127 1089 2174 Tum
1120 2126 1274 2173 iudex
1298 2124 1525 2186 repletus
1550 2122 1813 2170 iracundia

222 2209 384 2258 dixit:
441 2210 524 2258 ‘Si
564 2211 642 2258 uis
688 2209 932 2272 perennis
973 2209 1110 2256 uitae
1158 2207 1405 2256 felicitate
1452 2205 1660 2269 perfrui,
1715 2204 1815 2252 diis

221 2294 426 2355 magnis
475 2293 756 2342 sacrificare
803 2310 869 2341 ne
917 2293 1157 2340 differas.'
1227 2291 1467 2339 Albanus
1515 2288 1816 2352 respondit:

228 2376 513 2424 ‘Sacrificia
547 2377 685 2437 haec,
724 2392 852 2438 quae
889 2392 918 2423 a
955 2375 1103 2423 uobis
1139 2375 1428 2422 redduntur
1461 2372 1812 2432 daemonibUS,

224 2477 317 2507 nec
354 2460 589 2508 auxiliari
623 2459 867 2508 subiectis
896 2461 1127 2522 possunt,
1161 2474 1254 2506 nec
1287 2457 1693 2519 supplicantium
1719 2454 1818 2502 sibi

225 2543 477 2590 desideria
513 2543 598 2591 uel
633 2545 754 2591 uota
790 2543 1038 2604 conplere.
1117 2541 1254 2601 Quin
1287 2540 1473 2600 immo,
1504 2539 1818 2601 quicumque

227 2625 310 2673 his
371 2625 617 2673 sacrificia
675 2625 967 2673 simulacris
1021 2623 1279 2684 obtulerit,
1346 2625 1581 2670 aeternas
1631 2620 1820 2668 inferni

229 2725 421 2770 poenas
456 2725 547 2770 pro
583 2708 818 2756 mercede
854 2707 1098 2769 recipiet.’

298 2790 400 2837 His
447 2790 648 2851 auditis,
690 2790 843 2838 iudex
893 2790 1058 2837 nimio
1105 2789 1278 2836 furore
1327 2790 1630 2846 commotus,
1681 2785 1820 2832 caedi

232 2874 469 2920 sanctum
496 2872 593 2920 Dei
626 2872 972 2920 confessorem
1001 2889 1030 2920 a
1065 2871 1350 2920 tortoribus
1382 2869 1652 2932 praecepit,
1680 2869 1822 2916 autu-

231 2971 384 3003 mans
421 2971 474 3002 se
513 2954 827 3015 uerberibus,
867 2971 1023 3017 quam
1060 2954 1235 3001 uerbis
1271 2970 1378 3000 non
1413 2954 1624 3014 poterat,
1657 2949 1822 2998 cordis

233 3038 345 3085 eius
370 3037 603 3084 emollire
639 3037 996 3085 constantiam.
1074 3036 1174 3097 Qui
1211 3052 1329 3083 cum
1359 3033 1632 3082 tormentis
1665 3032 1823 3080 affice-

234 3122 376 3167 retur
422 3119 696 3180 acerrimis,
749 3119 1005 3182 patienter
1051 3119 1175 3166 haec
1223 3134 1315 3179 pro
1363 3116 1604 3176 Domine,
1658 3115 1822 3162 immo

398 3243 410 3264 1
443 3256 576 3293 quem
599 3274 608 3283 .
633 3272 642 3282 .
670 3274 678 3283 .
703 3254 751 3281 ac
773 3256 845 3282 om.
868 3241 936 3283 N1.
1107 3241 1121 3262 ²
1152 3243 1236 3280 —bit
1258 3241 1330 3280 M'.
1489 3240 1504 3261 3
1536 3242 1581 3279 et
1601 3239 1658 3278 M.

989 3325 1016 3357 C
1046 3325 1068 3355 2
