2240 3444
387 107 494 158 318
837 104 1106 159 Historia
1144 104 1536 159 Ecclesiastica
1806 112 1914 166 [Lm.
1935 118 1988 154 V.

385 250 635 302 Anastasis,
660 251 745 290 hoc
765 253 832 291 est
853 252 1196 291 resurrectionis
1218 251 1470 291 dominicae
1489 255 1662 290 rotunda
1681 252 1848 299 ecclesia,
1869 252 1993 289 tribus

387 318 564 356 cincta¹
587 321 820 367 parietibus,
842 322 941 357 XII
966 319 1160 358 columnis
1188 321 1450 367 sustentatur,
1476 321 1577 356 inter
1598 320 1770 364 parietes
1791 317 1992 366 singulos

386 386 511 422 latum
529 388 672 423 habens
692 388 866 432 spatium
885 387 990 433 uiae,
1018 384 1022 437 Ι
1050 398 1164 435 quae
1194 388 1272 423 tria
1303 387 1448 423 altaria
1469 387 1511 422 in
1542 382 1694 422 tribusC
1714 386 1804 421 locis
1827 385 1994 431 parietis
2022 382 2050 419 f.
2074 393 2130 425 113
2151 393 2185 418 a.

389 454 509 489 medii
553 451 769 502 continet,
812 451 896 490 hoc
941 453 1007 490 est
1057 451 1259 501 australi,
1303 450 1568 501 aquilonali,
1613 451 1658 488 et
1705 449 1988 488 occidentali.

389 520 496 556 Haec
517 520 574 556 bis
593 522 806 565 quaternas
832 523 976 565 portas,
998 517 1043 556 id
1076 523 1129 557 est
1155 521 1351 565 introitus,
1375 530 1446 564 per
1475 516 1578 555 tres3
1607 529 1625 554 e
1654 520 1804 564 reqione
1827 519 1995 564 parietes

389 586 509 634 habet,
549 598 566 623 e
598 588 741 632 quibus
771 588 871 623 IIII
903 588 956 623 ad
995 587 1252 630 Uulturnum,
1285 586 1329 622 et
1360 584 1465 622 IIII
1495 587 1548 622 ad
1578 586 1736 621 Eurum
1773 583 1991 631 spectant.

388 653 527 689 Huius
560 654 604 689 in
631 655 756 690 medio
786 655 1086 690 monumentum
1121 651 1307 690 Domini
1340 654 1553 689 rotundum
1580 654 1692 696 petra
1726 652 1897 687 excisum
1926 652 1992 695 est,

390 718 519 756 cuius
549 721 699 757 culmen
729 719 1005 758 intrinsecus
1027 723 1139 757 stans
1166 722 1281 757 homo
1301 729 1442 756 manu
1473 717 1733 766 contingere
1753 717 1914 766 potest,
1937 715 1992 753 ab

391 788 531 823 oriente
564 785 736 823 habens
770 788 994 836 introitum,
1034 783 1124 823 cni*
1160 788 1262 832 lapis
1297 784 1376 822 ille
1408 795 1600 833 magnus
1629 782 1861 832 adpositus
1895 782 1994 828 est;

390 851 513 900 quod
534 852 812 889 intrinsecus
831 855 1164 899 ferramentorum
1185 854 1351 898 uestiqia
1371 863 1490 897 Usque
1511 850 1560 887 in
1580 861 1794 899 praesens
1814 850 1990 886 ostendit.

389 917 505 955 Nam
537 921 773 956 extrinsecus
804 930 946 967 usque
979 919 1036 956 ad
1067 917 1283 956 culminis
1314 917 1625 955 summitatem
1656 919 1774 953 totum
1803 926 1995 952 marmore

388 986 541 1022 tectum
564 986 644 1023 est.
702 988 914 1023 Summum
944 996 1050 1022 uero
1071 987 1221 1022 culmen
1251 996 1347 1022 auro
1375 987 1559 1021 ornatum
1589 993 1752 1021 auream
1782 991 1995 1029 magnam

389 1052 533 1100 gestat
568 1063 727 1090 crucem.
789 1054 842 1089 In
876 1053 999 1089 huius
1031 1063 1133 1101 ergo
1168 1051 1457 1089 monumenti
1493 1047 1762 1096 Aquilonali⁵
1794 1051 1908 1094 parte
1940 1059 1995 1084 se-

384 1120 597 1163 pulchrum
627 1120 789 1155 Domini
824 1120 869 1155 in
902 1121 1035 1156 eadem
1061 1122 1174 1164 petra
1205 1120 1390 1165 excisam,
1422 1116 1686 1163 longitudinis
1720 1118 1804 1152 VII
1829 1117 1990 1160 pedum,

390 1187 511 1221 trium
535 1197 723 1223 mensura
736 1187 970 1230 palmarum
995 1187 1224 1231 pauimento
1246 1187 1369 1222 altius
1391 1183 1561 1220 eminet
1583 1195 1591 1230 ;
1622 1184 1829 1219 introitum
1850 1184 1996 1219 liabens

390 1263 413 1287 a
447 1253 560 1288 latere
594 1250 860 1298 meridiano,
894 1248 994 1288 ubi⁶
1027 1253 1089 1288 die
1120 1255 1324 1299 noctuque
1356 1252 1454 1287 XII
1479 1251 1681 1295 lampades
1713 1251 1862 1297 ardent,
1896 1250 1999 1285 IIII

390 1316 512 1353 intra
536 1316 840 1366 sepulchrum,
865 1316 987 1355 VIII
1007 1329 1130 1364 supra
1160 1317 1209 1354 in
1238 1319 1418 1364 margine
1445 1315 1617 1354 dextro.
1675 1317 1810 1362 Lapis,
1842 1318 1912 1361 qui
1942 1318 1995 1352 ad

391 1385 536 1420 ostium
567 1386 812 1422 monumenti
841 1384 1016 1433 positus
1046 1385 1155 1433 erat,
1182 1396 1305 1422 nunc
1327 1382 1457 1421 fissus
1479 1384 1546 1421 est
1569 1395 1578 1431 ;
1609 1385 1723 1420 cuins
1746 1394 1846 1429 pars
1866 1384 1996 1419 minor

390 1453 628 1495 quadratimi
649 1452 769 1487 altare
789 1455 878 1488 ante
898 1453 1041 1488 ostium
1063 1449 1370 1488 nihilominus
1390 1448 1592 1487 eiusdem
1612 1450 1857 1486 monumenti
1882 1449 1964 1486 stat
1985 1460 1995 1495 ;

390 1519 518 1553 maior
551 1528 640 1553 itero
670 1519 716 1554 in
745 1519 925 1554 orientali
953 1520 1126 1554 eiusdem
1155 1519 1328 1554 ecclesiae
1357 1518 1430 1553 loco
1461 1511 1811 1562 quadranqnlmn⁷
1841 1513 1995 1552 aliud8

391 1583 510 1620 altare
541 1586 613 1620 sub
647 1585 948 1621 linteaminibus
981 1586 1117 1622 exstat.
1177 1585 1277 1621 Color
1306 1584 1458 1621 autem
1488 1585 1658 1620 eizisclmi
1688 1584 1932 1620 monumenti
1961 1586 1994 1620 ei

392 1651 582 1695 sepulchri
602 1651 690 1688 albo
707 1653 741 1687 et
758 1648 1000 1688 rubicundo
1013 1653 1240 1697 permixtus
1260 1653 1420 1689 uidetur
1436 1648 1465 1688 ⁹.

1001 1847 1154 1898 CAP.
1198 1847 1377 1897 XVII.

439 1974 541 2019 Quae
563 1976 653 2012 item
674 1977 719 2012 de
738 1976 811 2013 loco
828 1977 1068 2013 ascensionis
1087 1976 1307 2013 dominicae
1327 1977 1361 2013 et
1379 1976 1593 2021 sepulchris
1606 1977 1946 2021 patriarcharum.

460 2080 542 2129 DE
563 2078 598 2103 ¹⁰
624 2081 736 2130 loco
769 2099 974 2145 quoque
1009 2080 1326 2130 ascensionis
1364 2080 1654 2129 dominicae
1673 2079 1708 2103 Π
1733 2081 1997 2144 praefatus
2027 2093 2208 2138 Bede‚0.‹

2026 2144 2207 2180 Adamn.

395 2166 574 2212 auctor
598 2163 694 2212 hoc
722 2165 878 2213 modo
904 2165 1062 2213 refert
1079 2178 1165 2208 2-—
2025 2193 2051 2229 i.
2082 2206 2136 2238 22,
2157 2205 2208 2236 23,

462 2275 592 2314 Mons
623 2276 857 2314 Oliuarum
891 2279 1103 2315 altitudine
1126 2280 1249 2315 monti
1279 2280 1375 2315 Sion
1404 2288 1487 2327 par
1516 2277 1596 2326 est,
1622 2276 1698 2327 sed
1729 2279 1936 2316 latitudine
1965 2283 1999 2316 et

391 2344 631 2391 longitudine
650 2344 877 2392 praestat3
907 2346 1067 2390 exceptis
1093 2346 1244 2381 vitibus
1272 2347 1307 2382 et
1336 2341 1507 2392 olz’uz's12,
1527 2355 1649 2382 rarae
1677 2344 1801 2382 ferax
1826 2344 1995 2392 arboris,

379 2410 582 2455 frumenti
602 2421 778 2459 quoque
799 2414 833 2447 et
855 2413 985 2448 hordei-
1012 2409 1187 2449 fertilis.
1249 2413 1380 2457 Neque
1410 2413 1516 2448 enim
1547 2413 1719 2460 brucosa,
1744 2415 1810 2449 secl
1839 2414 1997 2449 herbosa

391 2477 436 2515 et
466 2475 627 2514 florida
653 2476 736 2514 soli
766 2479 874 2514 illias
903 2478 969 2514 est
994 2479 1192 2525 qualita33
1224 2476 1274 2514 in
1306 2477 1434 2515 cuius
1462 2489 1639 2515 summo
1656 2475 1686 2497 ¹³
1707 2477 1890 2528 uertice,
1915 2478 1995 2516 ubi

393 2545 588 2580 Dominus
621 2545 674 2581 ad
709 2545 825 2581 caelos
854 2543 1048 2594 ascendit,
1083 2546 1233 2581 ecclesia
1263 2546 1433 2581 rotunda
1461 2546 1641 2590 orandis,
1673 2547 1803 2581 ternas
1825 2556 1896 2590 per
1925 2546 1995 2581 cir-

391 2612 540 2646 cuitam
579 2613 795 2647 cameratas
833 2611 943 2648 habet
982 2612 1155 2655 porticus
1193 2612 1354 2656 desuper
1397 2613 1520 2647 tectas.
1592 2612 1763 2648 Interior
1800 2622 1996 2659 namque

393 2677 530 2712 domus
558 2676 741 2725 propter
774 2674 992 2713 dominici
1028 2674 1225 2725 corporis
1259 2676 1461 2713 meatum
1494 2677 1691 2714 camerari
1722 2678 1766 2714 et
1797 2676 1873 2726 tegi
1903 2689 1996 2715 non

391 2741 569 2790 potuit3
599 2744 721 2780 altare
755 2741 812 2780 ad
843 2744 1037 2780 orientem
1070 2741 1241 2780 habens
1271 2746 1436 2789 anyusto
1467 2742 1668 2781 culmine
1695 2747 1921 2792 protectum,
1952 2746 1998 2781 in

445 2873 457 2895 ¹
489 2874 712 2914 anastasis
731 2907 740 2915 .
765 2907 772 2915 .
798 2906 807 2915 .
829 2876 979 2914 cincta
1000 2888 1075 2914 om.
1097 2875 1150 2915 Β.
1207 2873 1223 2896 2
1252 2876 1401 2914 cincta
1424 2906 1433 2915 .
1455 2907 1463 2914 .
1489 2907 1497 2916 .
1519 2877 1666 2916 tribus
1688 2890 1760 2918 om.
1785 2877 1846 2917 Οἱ.
1894 2882 1996 2926 Sup-

384 2943 490 2987 plied
508 2955 593 2988 very
609 2945 827 2989 incorrectly
844 2945 889 2988 by
907 2941 969 2981 C2.
1028 2941 1041 2961 ³
1062 2942 1140 2981 III
1157 2941 1201 2980 0¹
1221 2945 1363 2980 altered
1384 2947 1416 2980 to
1432 2943 1525 2981 VII
1543 2942 1604 2983 Οἳ.
1664 2943 1676 2964 ⁴
1696 2945 1825 2983 cuius
1842 2945 1902 2984 M.
1918 2945 1997 2993 ΗΧ.

391 3007 405 3029 ⁵
435 3008 638 3056 aquinali
661 3008 717 3046 M.
832 3008 847 3031 ⁶
875 3009 941 3046 ibi
963 3008 1007 3047 C.
1113 3005 1129 3028 ⁷
1158 3009 1397 3058 -ungulum
1420 3008 1494 3048 M1.
1601 3008 1614 3029 3
1643 3010 1781 3059 aliud,
1805 3014 1932 3049 added
1947 3024 1996 3050 on

393 3076 550 3120 mai-oin
571 3073 626 3111 M.
647 3087 656 3121 3
687 3074 801 3113 illud
822 3073 907 3112 Ad.
1039 3073 1054 3096 ⁹
1084 3074 1129 3113 M
1150 3078 1191 3112 at
1202 3077 1293 3121 first
1313 3079 1423 3114 wrote
1444 3077 1555 3115 erat.
1679 3074 1710 3098 ¹⁰
1739 3080 1798 3115 No
1819 3080 1933 3115 break
1953 3080 1995 3115 in

393 3142 449 3177 the
470 3143 544 3177 tert
564 3142 607 3186 os
620 3139 677 3189 M,
704 3144 768 3178 but
788 3140 923 3178 XVII
945 3144 988 3178 in
1009 3144 1178 3189 maryin.
1269 3137 1298 3160 ¹1
1330 3140 1449 3181 dom.
1473 3154 1556 3181 asc.
1580 3141 1637 3182 M.
1738 3139 1769 3162 12
1792 3142 1925 3181 olibis
1945 3141 1992 3182 C.

402 3204 432 3227 ¹³
463 3217 639 3244 summa
663 3206 705 3244 M
727 3219 775 3244 on
796 3210 967 3254 maryin.
