2240 3444
820 182 1040 231 auctore
1077 178 1283 231 Buedu.
1716 183 1816 232 381

247 325 365 387 post
403 321 862 385 incomparabilem
906 324 1085 371 orandi
1127 324 1479 386 psallendique
1526 324 1817 376 sollertiam.

250 421 351 468 qua
374 405 483 467 ipse
508 405 796 453 cotidianus
811 405 1032 452 exerceri
1059 423 1162 452 non
1189 406 1362 464 desiit3
1400 410 1512 467 post
1539 407 1821 453 111i1·a}‚il‹-m

248 490 300 536 et
336 486 643 534 cohercendi
680 487 941 548 improbos
977 487 1246 546 feruorem,
1289 491 1337 534 et
1376 489 1675 535 modestiam
1715 505 1825 533 νου·

248 568 451 618 solandi
486 568 754 629 infirmos3
814 571 929 631 post
965 569 1229 616 insolitam
1275 569 1554 615 rectoribus
1596 573 1646 615 vt
1687 587 1825 615 aesc«-

248 654 506 714 potusque
530 651 844 713 parcitatem,
876 652 927 698 et
951 650 1159 698 habitus
1185 650 1439 698 uilitatem
1467 669 1476 709 3
1515 653 1637 697 uidit
1663 667 1708 697 se
1735 652 1824 697 ium

247 736 409 784 senior
446 736 497 782 et
535 734 722 795 plenus
759 733 962 781 dierum
997 749 1098 781 ozon
1140 733 1275 781 ultra
1310 748 1450 792 posse
1495 733 1725 790 subditis,
1767 732 1829 777 ol»

250 815 685 879 impedimentum
722 832 1055 878 suppraemae
1091 815 1283 874 aetatis,
1327 815 1550 861 debitam
1587 813 1830 874 spiritalis

251 898 494 958 exercitii,
515 899 601 947 uel
619 899 862 958 docendo,
888 898 971 946 uel
989 898 1229 956 uiuendo,
1255 894 1550 958 praefigere¹
1580 896 1829 950 for1nam3

249 981 417 1030 multa
441 981 532 1030 diu
560 997 734 1029 secum
768 983 945 1028 mente
978 996 1206 1039 uersans,
1236 979 1412 1026 utilius
1448 978 1685 1035 decreuit,
1717 977 1833 1023 dato

249 1063 497 1112 fratribus
553 1065 837 1126 praecepto,
891 1065 950 1110 ut
1008 1062 1151 1109 iuxta
1210 1060 1290 1109 sui
1339 1063 1530 1108 statuta
1578 1058 1833 1121 priuilegii

251 1147 499 1208 iuxtaque
546 1145 778 1208 regulam
825 1145 989 1192 sancti
1036 1143 1234 1192 abbatis
1283 1142 1565 1202 Benedicti,
1620 1141 1682 1187 ‹le
1729 1139 1835 1186 suis

253 1229 353 1278 sibi
388 1229 489 1291 ipsi
524 1231 739 1291 patrem,
783 1227 871 1290 qui
913 1226 1082 1289 aptior
1129 1227 1274 1284 esset,
1329 1225 1588 1285 eligerent,
1642 1225 1691 1269 et
1743 1225 1835 1281 ipse

251 1311 523 1360 beatorum
572 1311 906 1371 apostolorum,
960 1308 1052 1356 ubi
1111 1308 1317 1355 iuuenis
1375 1323 1493 1353 cum
1553 1303 1833 1353 Benedicto

253 1394 433 1455 fuerat,
465 1395 660 1442 Romae
685 1394 794 1441 loca
819 1394 996 1440 sancta
1028 1392 1282 1453 repeteret
1299 1387 1315 1411 ²
1338 1407 1348 1448 ;
1387 1388 1628 1450 quatinus
1652 1390 1699 1433 et
1727 1386 1833 1447 ipse

253 1479 375 1527 ante
399 1479 623 1525 mortem
647 1474 949 1538 aliquandiu
975 1472 1163 1521 saeculi
1199 1474 1325 1520 euris
1349 1472 1606 1521 absolutus,
1638 1468 1834 1516 liberius

13 1575 38 1611 f.
64 1577 102 1610 18
119 1585 154 1610 a.
255 1560 464 1609 sibimet
496 1557 501 1623 Ι
535 1561 726 1606 Secreta
751 1557 949 1620 quiete³
975 1557 1207 1614 uacaret3
1245 1555 1296 1601 et
1320 1553 1398 1600 illi
1424 1554 1632 1612 sumpto
1656 1550 1835 1597 abbate

254 1644 522 1702 iuueniore,
552 1640 827 1704 perfectius
855 1640 1000 1687 iuxta
1023 1639 1246 1685 aetatem
1272 1634 1504 1697 mag-istri
1537 1649 1665 1695 quae
1702 1632 1835 1679 uitae

256 1725 510 1789 regularis
534 1725 707 1772 essent
731 1722 971 1771 instituta
995 1721 1274 1768 seruarent.

10 1821 67 1858 ib.
82 1821 128 1869 ξς
148 1833 214 1856 22-
332 1821 406 1868 17.
452 1807 790 1856 Olmitentibus
813 1803 934 1851 licet
967 1802 1133 1865 primo
1170 1800 1424 1858 omnibus,
1456 1801 1505 1846 et
1537 1797 1590 1844 in
1617 1798 1835 1844 lacrimas
1867 1810 2058 1866 Hetamss

0 1882 62 1917 ³²⁷·
255 1889 621 1953 singultusque
668 1903 837 1951 genua
878 1902 997 1934 cum
1035 1883 1365 1933 obsecratione
1418 1880 1591 1928 crebra
1639 1879 1836 1926 flecten-
1867 1859 2117 1943 {fr{{'{m¹1f¹¹⁴

255 1973 410 2033 tibus,
452 1972 649 2020 factum
688 1971 801 2018 est‘*
838 1968 975 2031 quod
1013 1966 1193 2015 uoluit.
1270 1966 1535 2025 Tantaque
1578 1964 1682 2009 erat
1731 1976 1837 2021 pro·
1866 1959 1954 2041 1232
1961 1959 2118 2041 seium·

256 2054 521 2105 ficiscendi
539 2053 736 2116 cupido,
762 2053 822 2100 ut
845 2050 995 2099 tertia
1018 2050 1099 2097 die
1118 2065 1179 2096 ex
1201 2064 1300 2110 quo
1325 2045 1568 2094 fratribus
1588 2046 1836 2090 secretum
1866 2019 1995 2100 ¹4‚71}‚'‚

260 2139 342 2188 sui
368 2136 608 2200 propositi
645 2134 846 2198 aperuit
865 2134 894 2196 ⁵,
926 2133 1025 2180 iter
1060 2131 1322 2193 arriperet.
1376 2126 1644 2176 Timebat⁰
1680 2124 1833 2176 enim,

260 2221 395 2285 quod
433 2219 623 2280 euenit,
654 2235 720 2266 ne
752 2218 1054 2281 priusquam
1091 2215 1312 2262 Romam
1349 2209 1616 2273 peruenire
1652 2209 1834 2269 posset,

260 2305 459 2364 obiret3
531 2301 690 2350 simul
758 2299 1007 2359 deuitans,
1064 2313 1129 2345 ne
1193 2298 1253 2345 ab
1315 2295 1483 2343 amieis
1547 2290 1655 2337 siue
1715 2287 1839 2334 uiris

260 2386 643 2452 principalibus,
698 2384 886 2447 quibus
934 2379 1133 2430 cunctis
1191 2379 1298 2426 erat
1356 2372 1679 2430 honorabilis,
1732 2370 1840 2417 eius

261 2474 438 2534 caepta
496 2470 880 2526 retardarentur,
934 2466 985 2512 et
1044 2479 1110 2511 ne
1160 2461 1374 2522 pecunia
1432 2459 1628 2505 daretur
1683 2452 1759 2499 illi
1809 2467 1836 2497 (ι

263 2553 574 2617 quibusdam
588 2552 619 2613 ⁷,
651 2566 807 2614 quam
827 2549 842 2573 ⁸
867 2547 1148 2596 retribuere
1179 2560 1270 2606 pro
1302 2544 1532 2601 tempore
1570 2534 1800 2597 nequiret
1829 2550 1838 2589 ;

261 2637 388 2686 hane
424 2637 607 2684 habens
642 2648 826 2694 semper
859 2629 1259 2684 consuetudinem,
1299 2628 1355 2671 ut
1387 2620 1546 2682 siquis
1581 2620 1621 2665 ei
1657 2615 1841 2674 aliquid

261 2721 482 2768 ‘muneris
519 2717 738 2776 offerret,
783 2715 880 2763 hoc
915 2712 1007 2771 illi,
1055 2709 1139 2758 uel
1175 2707 1363 2763 statim,
1412 2702 1494 2750 uel
1533 2701 1649 2763 post
1692 2699 1839 2744 inter·

262 2801 463 2850 uallum
522 2800 832 2861 competens,
886 2812 992 2844 non
1050 2792 1250 2840 minore
1306 2789 1466 2849 qratia
1524 2781 1833 2844 rependeret.

266 2884 478 2934 Cantata
519 2897 637 2944 ergo
684 2879 852 2943 primo
899 2891 1042 2926 ‘nume
1087 2876 1235 2922 missa
1283 2871 1336 2917 in
1384 2866 1621 2916 aecclesia
1667 2862 1840 2909 beatae

319 3032 334 3054 ¹
363 3033 596 3085 praeficere
618 3033 672 3072 D.
694 3032 744 3071 P.
766 3032 812 3071 C.
833 3031 886 3069 B.
907 3029 955 3068 F.
1118 3023 1133 3045 ²
1160 3034 1307 3061 romae
1330 3051 1338 3058 .
1362 3050 1371 3058 .
1395 3049 1403 3057 .
1427 3047 1434 3055 .
1459 3017 1673 3066 repeteret
1693 3026 1768 3051 om.
1793 3012 1841 3049 D.

268 3101 313 3140 P.
338 3101 390 3139 B.
412 3100 469 3147 F;
498 3099 592 3138 loca
614 3128 623 3137 .
645 3126 655 3136 .
679 3127 690 3137 .
713 3128 723 3137 .
744 3096 963 3147 repeteret
984 3105 1056 3131 om.
1079 3090 1124 3128 C.
1264 3086 1279 3109 ³
1313 3086 1358 3123 in
1387 3083 1534 3133 quicto
1557 3082 1588 3118 δ.
1736 3077 1748 3098 ⁴
1778 3080 1841 3113 ost

267 3179 341 3206 om.
361 3164 436 3213 HI.
600 3162 615 3185 ⁵
643 3162 852 3214 apparuit
873 3160 920 3198 B.
1069 3158 1083 3179 ⁵
1111 3155 1237 3192 -bant
1260 3152 1311 3190 B.
1334 3151 1380 3188 P.
1405 3149 1454 3187 D.
1479 3148 1523 3185 F.
1661 3141 1675 3164 ⁷
1704 3156 1728 3182 a
1749 3143 1843 3192 qui-

268 3231 457 3271 busdam
477 3242 551 3269 om.
573 3229 608 3268 δ.
719 3226 733 3249 ⁸
762 3238 897 3277 quam
918 3225 982 3263 eis
1003 3223 1048 3270 δ;
1078 3219 1239 3270 quibus
1261 3216 1312 3254 D.
1336 3215 1384 3254 P.
1405 3214 1449 3252 C.
1475 3213 1526 3251 B.
1548 3211 1593 3249 F.
