2240 3444
31 1674 77 1708 cf.
98 1676 186 1731 ᾼοῒ.

30 1733 134 1761 xxvi.
159 1728 208 1762 18.

673 722 935 783 LIBER
998 724 1487 787 SECUNDUS.

961 909 1111 958 CAP.
1155 910 1197 958 I.

746 1080 799 1116 De
819 1082 919 1117 obilu
944 1083 1040 1118 beati
1052 1093 1182 1127 papae
1195 1079 1207 1099 ¹
1231 1084 1413 1129 Θνθῃονῖὶ.

346 1173 452 1222 H1s
477 1176 810 1238 temporibus,
842 1177 894 1225 id
922 1180 999 1226 est
1024 1195 1160 1226 anno
1186 1179 1476 1229 dominicae
1502 1181 1872 1231 incarnationis
1900 1192 2036 1227 Death
2056 1192 2100 1226 of

277 1255 429 1317 DCV,
452 1258 633 1306 beatus
649 1276 779 1321 papa
796 1260 1088 1323 Gregorius,
1114 1265 1391 1324 postquam
1411 1264 1587 1312 sedem
1610 1266 1873 1314 Romanae
1900 1243 2157 1336 Ξῖἒῗέζξὼ

278 1341 328 1386 et
353 1341 660 1400 apostolicae
688 1342 928 1390 ecclesiae
954 1343 1099 1391 XIII
1124 1361 1303 1406 annos,
1331 1362 1535 1394 menses
1560 1347 1651 1408 VI,
1685 1351 1733 1396 et
1761 1350 1871 1397 dies
1899 1342 2083 1436 {323}ssle

275 1420 326 1468 X
350 1421 722 1483 gloriosissime
748 1426 895 1486 rexit,
919 1426 1198 1474 defunctus
1224 1430 1315 1488 est,
1341 1430 1495 1490 atque
1515 1431 1577 1477 ad
1604 1432 1869 1480 aeternam

273 1503 421 1565 regni
446 1505 676 1553 caelestis
702 1507 879 1554 sedem
900 1508 1196 1556 translatus.
1253 1509 1332 1556 De
1357 1527 1458 1571 quo
1484 1528 1579 1558 nos
1605 1513 1864 1574 conuenit,

273 1585 394 1646 quia
430 1590 675 1650 nostram,
719 1588 771 1636 id
810 1592 886 1637 est
922 1590 1234 1652 Anglorum,
1267 1594 1478 1653 gentem
1517 1595 1580 1641 de
1616 1597 1869 1656 potestate

275 1667 493 1716 Satanae
553 1671 616 1718 ad
677 1671 835 1718 fidem
885 1672 1079 1720 Christi
1128 1689 1219 1720 sua
1277 1673 1532 1723 industria
1592 1679 1862 1738 conuertit,

273 1749 509 1798 latiorem
558 1752 614 1799 in
662 1756 840 1801 nostra
890 1754 1109 1802 historia
1167 1755 1507 1805 ecclesiastica
1554 1759 1718 1806 facere
1766 1777 1865 1808 ser-

274 1849 497 1895 monem,
535 1851 692 1896 quem
729 1838 867 1884 recte
903 1840 1144 1886 nostrum
1181 1839 1441 1900 appellare
1474 1837 1478 1904 Ι
1510 1858 1788 1903 possumus
1814 1847 1865 1892 et

274 1914 522 1964 debemus
546 1918 851 1979 apostolum.
931 1920 1074 1981 Quia,
1106 1937 1226 1968 cum
1251 1921 1483 1983 primum
1516 1923 1572 1971 in
1609 1928 1719 1973 toto
1745 1927 1866 1974 orbe

272 2001 469 2059 gereret
517 2000 882 2061 pontificatum
901 2004 930 2063 2,
985 2005 1035 2051 et
1089 2004 1351 2053 conuersis
1398 2005 1504 2053 iam
1553 2007 1753 2055 dudum
1801 2011 1864 2058 ad

272 2079 431 2127 fidem
452 2082 687 2131 ueritatis
707 2086 841 2132 esset
860 2086 1121 2146 praelatus
1138 2087 1379 2149 ecclesiis,
1402 2092 1633 2138 nostram
1652 2094 1863 2153 gentem

272 2164 484 2212 eatenus
518 2164 671 2213 idolis
708 2167 1059 2230 mancipatam
1086 2169 1282 2218 Christi
1319 2171 1441 2219 fecit
1479 2173 1760 2235 ecclesiam,
1792 2175 1865 2224 ita

272 2248 331 2293 ut
367 2248 706 2308 apostolicum
745 2249 899 2298 illum
938 2252 1000 2299 de
1037 2269 1095 2299 eo
1132 2252 1284 2301 liceat
1319 2255 1470 2303 nobis
1506 2257 1736 2318 proferre
1769 2275 1866 2306 ser-

271 2343 519 2377 monem:
558 2330 678 2392 quia
715 2332 812 2380 etsi
841 2333 957 2382 aliis
994 2351 1101 2383 non
1140 2338 1218 2384 est
1255 2339 1531 2401 apostolus,
1563 2341 1653 2388 sed
1688 2344 1865 2389 tamen

270 2411 419 2458 nobis
445 2415 521 2460 est
544 2431 554 2473 3
580 2430 703 2461 nam
729 2414 1058 2478 signaculum
1082 2420 1400 2480 apostolatus
1427 2424 1537 2470 eius
1561 2440 1657 2471 nos
1682 2440 1865 2472 sumus

269 2492 324 2539 in
349 2494 590 2544 Domino.

343 2576 469 2625 Erat
510 2581 685 2628 autem
734 2582 947 2630 natione
985 2583 1267 2645 Romanus,
1306 2585 1366 2634 a3
1399 2589 1543 2648 patre
1585 2588 1857 2649 Gordiano,
1893 2601 1971 2636 His
1986 2605 2152 2646 parent*-

270 2677 433 2723 genus
471 2677 499 2708 a
535 2663 739 2723 proauis
778 2681 884 2712 non
923 2665 1093 2713 solum
1125 2667 1313 2729 nobile,
1346 2670 1435 2716 sed
1474 2671 1524 2716 et
1563 2670 1862 2731 religiosum
1892 2661 1976 2695 age.

270 2743 478 2791 ducens,
573 2745 812 2808 Denique
872 2747 1018 2795 Felix
1080 2751 1313 2798 eiusdem
1372 2752 1679 2813 apostolicae
1727 2752 1863 2800 sedis

270 2826 532 2887 quondam
559 2828 842 2891 episcopus,
874 2831 956 2878 uir
991 2848 1208 2894 magnae
1243 2833 1436 2895 gloriae
1472 2834 1528 2881 in
1567 2835 1774 2882 Christo
1812 2838 1861 2883 et

269 2908 492 2969 ecclesia,
558 2910 667 2958 eius
725 2912 826 2960 fuit
875 2915 1071 2962 atauus,
1173 2915 1274 2963 Sed
1295 2916 1310 2939 ⁴
1358 2915 1469 2977 ipse
1530 2916 1860 2966 nobilitatem

270 2991 532 3052 religionis
556 3009 663 3040 non
687 2994 888 3043 minore
914 3013 1072 3058 quam
1095 3000 1334 3059 parentes
1359 3000 1411 3045 et
1436 2998 1638 3060 cognati
1663 2999 1860 3048 uirtute

320 3141 332 3164 ¹
360 3146 413 3181 In
434 3144 483 3182 B.
507 3157 533 3182 a
555 3148 648 3183 later
675 3149 783 3184 hand
811 3151 883 3186 has
908 3152 1120 3187 obliterated
1146 3153 1204 3187 the
1231 3153 1334 3187 word
1359 3161 1499 3199 papae
1529 3154 1619 3188 with
1649 3154 1715 3189 recl
1740 3156 1856 3193 oclzre.

265 3207 282 3232 2
310 3210 471 3258 pontif.
493 3223 579 3260 ger.
602 3210 660 3250 M.
774 3211 788 3234 ³
819 3225 872 3250 ex
889 3212 936 3253 C.
1050 3213 1063 3235 ⁴
1093 3214 1168 3253 sed
1182 3217 1227 3253 et
1248 3215 1304 3254 M.
