2240 3444
72 1110 270 1154 Building
286 1106 333 1142 of

68 1163 88 1196 J
97 1171 231 1197 arrow

72 1211 251 1247 Church.

78 1622 330 1658 Eosterwine

74 1674 158 1708 and
178 1673 289 1708 0601-

74 1724 157 1758 frid
175 1723 317 1757 abbots

75 1774 121 1808 of
135 1773 274 1808 VVear-

77 1822 224 1857 mouth
237 1821 320 1857 and

76 1874 249 1908 Jarrow‚

83 2441 336 2477 Eosterwine

83 2493 170 2527 (1163
189 2492 234 2525 of
247 2491 319 2526 the

83 2542 243 2586 plague.

83 2591 272 2626 Election
284 2591 329 2625 of

85 2640 251 2685 Sigfrid.

350 139 458 190 392
848 129 1111 184 Historia
1151 127 1303 180 Abba
1311 131 1437 180 tum

348 281 544 339 plinam‚
580 279 783 325 eundem
813 275 1043 322 cantandi
1080 271 1370 331 legendique
1405 270 1553 314 ritum
1586 284 1778 315 omnem
1809 282 1950 314 cano-

350 355 527 409 nicum,
564 368 704 410 quem
738 352 789 395 in
822 349 968 408 priori
1003 346 1293 393 monasterio
1338 345 1609 399 seruabant,
1652 343 1722 388 ibi
1765 357 1952 400 quoque

351 428 691 474 celebrandum
715 423 950 481 suscepit;
983 424 1096 467 dum
1126 434 1428 477 nequaquam
1457 433 1633 472 omnes,
1657 418 1739 475 qui
1766 433 1875 462 cum
1898 432 1953 463 eo

351 505 600 556 uenerant,
624 501 831 558 psalmos
850 500 1056 550 cantare,
1082 499 1264 552 quanto
1282 493 1442 537 minus
1459 493 1621 550 legere
1638 492 1690 536 in
1707 491 1954 558 aecclesia,

351 580 429 625 uel
452 578 694 623 antifonas
720 575 820 620 siue
842 571 1138 630 responsoria
1161 570 1317 614 dicere
1339 571 1545 613 nossent.
1617 568 1711 613 Sed
1727 567 1854 612 iuuit
1876 582 1954 613 eos

353 669 485 698 amor
526 650 785 709 religionis,
821 652 870 694 et
903 645 1100 692 studiosi
1133 644 1330 689 rectoris
1362 643 1636 700 exemplum
1665 642 1669 698 Ι
1699 646 1844 699 atque
1877 642 1952 686 in-

353 727 534 773 stantia
555 726 732 776 sollers,
756 723 838 780 qui
869 723 1020 766 donec
1057 721 1212 764 altum
1243 717 1592 763 monasterialis
1621 716 1956 763 obseruantiae

355 801 562 846 radicem
587 801 756 857 figeret
772 797 800 850 ¹,
827 796 984 853 sepius
1014 794 1142 838 horis
1180 792 1400 838 omnibus
1435 791 1676 836 canonicis
1714 807 1822 836 611111
1861 792 1958 836 fra-

354 876 507 920 tribus
540 873 822 919 aecclesiam
855 872 1175 927 frequentare,
1209 867 1355 922 refici,
1386 869 1436 912 et
1469 866 1712 923 quiescere
1747 866 1958 920 solebat;

357 949 582 1007 quatinus
605 948 644 992 si
667 962 760 1003 qua
783 944 1078 1002 corrigenda,
1109 942 1147 988 si
1177 957 1271 999 qua
1299 941 1508 986 nouitios
1539 944 1698 986 essent
1728 941 1958 998 docenda,

356 1040 581 1083 praesens
603 1023 703 1080 ipse
727 1021 993 1078 perficeret.

421 1112 487 1142 12.
520 1097 679 1142 Tertio
722 1098 882 1139 autem
926 1108 985 1138 ex
1028 1107 1120 1149 quo
1157 1091 1503 1136 monasterium
1545 1090 1774 1136 fundauit
1816 1105 1956 1146 anno,

360 1171 487 1228 cepit
530 1170 777 1215 aedificare
820 1167 1099 1212 aecclesiam
1146 1165 1279 1212 beati
1326 1165 1463 1210 Pauli
1513 1165 1721 1223 apostoli
1762 1164 1959 1210 nomine

359 1244 739 1297 consecrandam,
777 1242 859 1286 ubi
894 1240 1165 1298 AEcgfridus
1202 1240 1303 1298 ipse
1340 1241 1499 1285 locum
1537 1240 1704 1285 altaris
1741 1239 1961 1298 designa-

359 1324 519 1372 uerat;
555 1319 679 1376 quod
712 1319 762 1361 in
790 1319 981 1362 tantum
1013 1316 1167 1361 creuit
1201 1331 1317 1373 opus
1350 1316 1402 1360 in
1435 1316 1552 1371 dies,
1575 1319 1644 1368 ut,
1677 1331 1785 1361 611111
1819 1314 1963 1373 pauci

360 1397 518 1439 essent
551 1392 766 1450 operarii,
812 1392 1017 1437 secundo
1052 1406 1108 1436 ex
1146 1406 1238 1447 quo
1277 1390 1558 1436 inchoatum
1602 1393 1673 1436 est
1716 1405 1859 1445 anno,
1903 1389 1962 1434 ad

360 1468 707 1513 dedicationem
750 1481 897 1523 usque
940 1466 1227 1523 perueniret.
1292 1465 1361 1510 Eo
1409 1469 1573 1511 autem
1614 1468 1832 1522 tempore
1871 1479 1963 1521 quo

361 1543 768 1588 reuerentissimus
811 1542 955 1585 abbas
998 1540 1291 1586 Benedictus
1333 1540 1450 1585 illuc
1492 1539 1689 1585 miserat
1739 1539 1964 1584 abbatem

363 1617 665 1670 Ceolfiidum,
694 1615 945 1661 constituit
969 1617 1017 1660 et
1039 1614 1344 1660 AEosterwini
1358 1614 1385 1668 2,
1411 1630 1554 1671 quem
1578 1614 1824 1672 praefatus
1846 1628 1964 1668 sum,

361 1691 677 1749 presbiterum
693 1692 1046 1748 cognatumque
1064 1705 1215 1745 suum,
1231 1689 1402 1746 prioris
1417 1689 1698 1734 monasterii
1715 1690 1966 1741 rectorem,

364 1781 459 1810 non
507 1766 617 1822 quia
658 1780 803 1809 unum
849 1764 1072 1820 idemque
1118 1763 1464 1809 monasterium
1507 1765 1625 1809 duos
1667 1763 1843 1808 habere
1887 1762 1969 1807 uel

364 1840 528 1897 possit,
562 1841 637 1885 uel
679 1840 849 1884 debeat
892 1838 1105 1891 abbates,
1141 1839 1223 1884 sed
1259 1839 1371 1895 quia
1413 1839 1515 1896 ipse
1557 1853 1643 1896 pro
1683 1837 1832 1882 insita
1875 1836 1967 1881 sibi

366 1915 601 1972 sapientia
624 1918 670 1959 et
693 1913 971 1958 maturitate
997 1912 1305 1957 consiliorum
1328 1913 1488 1971 sepius
1511 1914 1571 1957 ad
1594 1928 1757 1971 regem
1784 1912 1967 1957 solebat

366 1989 567 2040 euocari,
603 2003 690 2032 1166
727 1988 931 2031 uacabat
967 2001 1078 2031 eum
1116 2002 1304 2044 semper
1345 1987 1671 2045 gubernandis
1714 1986 1966 2044 disponen-

365 2062 527 2118 disque
562 2061 839 2106 monasterii
876 2061 1001 2105 curis
1038 2060 1279 2118 implicari
1297 2061 1324 2113 3,
1358 2062 1602 2119 quaesiuit
1641 2061 1735 2106 sibi
1773 2061 1966 2114 socium,

367 2151 459 2193 quo
483 2136 758 2187 auxiliante,
783 2135 999 2180 debitum
1015 2137 1202 2192 pondus
1217 2136 1467 2194 regiminis
1485 2136 1643 2182 leuius
1658 2135 1966 2192 securiusque

366 2213 593 2267 portaret.
657 2211 856 2267 Insuper
889 2213 938 2254 et
972 2210 1170 2255 Romam
1208 2210 1276 2256 ire
1318 2211 1597 2267 festinabat,
1632 2210 1861 2268 quatinus
1897 2225 1966 2263 ea,

367 2299 487 2340 quae
514 2299 701 2329 necesse
726 2287 882 2329 essent
907 2285 1221 2339 monasteriis,
1247 2302 1338 2343 que
1365 2286 1662 2339 condiderat,
1688 2286 1747 2330 de
1773 2284 1970 2344 peregri

367 2359 573 2415 patriam
590 2358 605 2381 4
628 2359 755 2402 bona
776 2359 992 2403 referret.

434 2446 499 2488 13.
533 2432 632 2486 Qui,
664 2435 668 2488 Ι
697 2433 809 2476 (111111
825 2433 1153 2477 transmarinis
1169 2437 1438 2479 moraretur
1454 2434 1506 2478 in
1519 2434 1650 2488 loeis,
1670 2433 1972 2488 ecce,subita

368 2506 675 2563 pestilentiae
699 2507 909 2564 procella
939 2507 1266 2552 Brittanniam
1300 2508 1563 2566 corripiens
1591 2510 1694 2554 lata
1723 2524 1843 2554 nece
1867 2524 1972 2554 uas-

369 2580 506 2631 tauit,
542 2580 591 2624 in
625 2596 718 2637 qua
750 2581 943 2638 plurimi
981 2582 1038 2627 de
1072 2585 1274 2639 utroque
1310 2583 1411 2628 eius
1444 2583 1750 2637 monasterio,
1786 2586 1835 2628 et
1869 2582 1971 2640 ipse

372 2654 658 2698 uenerabilis
682 2670 734 2699 ac
762 2656 858 2700 Deo
886 2655 1090 2700 dilectus
1114 2657 1260 2701 abbas
1284 2656 1573 2703 Eosterwini
1592 2657 1608 2683 ²
1630 2660 1794 2715 raptus
1817 2660 1888 2702 est
1911 2657 1971 2702 ad

374 2728 638 2780 Dominum,
666 2730 803 2772 IIIIto
827 2745 884 2774 ex
908 2746 998 2786 quo
1021 2731 1166 2775 abbas
1192 2746 1291 2776 esse
1317 2736 1541 2790 caeperat
1564 2747 1703 2777 anno.
1768 2732 1857 2776 Pro
1880 2746 1971 2788 quo

375 2803 559 2857 fratres,
614 2819 709 2847 una
759 2819 864 2848 eum
923 2805 1122 2849 601131110
1174 2805 1406 2850 Ceolfridi
1453 2807 1654 2859 abbatis,
1709 2805 1973 2864 Sigfridum

374 2876 621 2921 diaconem
659 2877 871 2923 eiusdem
915 2879 1206 2933 monasterii,
1242 2880 1362 2925 mire
1401 2881 1675 2926 sanctitatis
1717 2879 1886 2932 uirum,
1923 2882 1972 2925 et

376 2950 712 3006 scripturarum
743 2951 912 2996 studiis
934 2953 1238 2999 abundanter
1259 2953 1546 3000 instructum
1573 2971 1628 3000 ac
1659 2953 1973 3013 singulariter

374 3023 630 3080 intentum,
654 3025 946 3071 constituere
975 3027 1213 3072 abbatem.

432 3150 441 3171 ¹
473 3151 599 3191 fieret
620 3152 678 3192 Η.
819 3153 834 3176 ²
864 3156 1204 3205 aesterwinum;
1235 3168 1342 3195 -uus
1363 3157 1395 3196 δ.
1541 3156 1556 3179 ³
1584 3169 1650 3196 -re
1672 3157 1733 3198 H.
1872 3155 1888 3179 ¹
1920 3155 1975 3195 de

376 3214 606 3263 peregrina
627 3215 773 3264 patria
794 3216 827 3254 δ.

1982 652 2011 689 f.
2034 663 2078 696 24
2097 653 2133 687 b.

1988 1100 2114 1135 Baed.
2134 1099 2154 1144 ξ
2171 1102 2204 1135 8.

2000 2439 2028 2476 f.
2049 2451 2090 2485 25
2108 2451 2144 2475 a.
