2240 3444
40 864 153 900 First
171 874 236 898 ex-

40 914 205 958 pulsion
215 913 301 948 and

39 965 188 1008 appeal
205 966 249 999 to

41 1016 179 1051 Rome.

328 120 436 172 326
782 117 847 169 H
850 115 1047 169 istoria
1086 113 1476 168 Ecclesiastica
1745 120 1851 174 [Lm.
1877 123 1928 162 V.

328 265 700 327 impleuerunt.
803 264 916 325 Quo
963 262 1133 311 adhuc
1179 261 1236 309 in
1284 258 1651 309 transmarinis
1698 258 1934 321 partibus
1966 265 2138 309 Eddius,

329 349 650 405 demorante,
700 349 1029 396 consecratus
1068 347 1146 393 est
1188 330 1620 405 {aepiscopatum
1668 341 1882 390 Eboraci
1897 339 1927 403 ¹,
1965 328 1998 353 ⁰⁶
2022 327 2073 360 Μ’

327 431 540 480 iubente
589 447 704 494 rege
756 429 954 491 Osmo2,
1012 429 1206 479 ceadda
1261 427 1342 475 uir
1390 427 1614 486 sanctus,
1668 427 1729 473 ut
1777 441 1935 487 supra

328 517 678 563 memoratum
722 516 814 574 est,
858 515 909 561 et
946 514 1104 561 tribus
1140 512 1290 560 annis
1327 509 1600 557 ecclesiam
1636 507 1936 556 sublimiter

328 615 528 661 regens,
546 598 736 646 dehinc
752 598 816 645 ad
833 595 1135 644 monasterii
1152 594 1248 654 sui,
1265 593 1402 656 quod
1420 594 1498 640 est
1517 592 1575 639 in
1591 591 1929 653 Laestingaei3,

329 699 505 730 curam
544 681 769 743 secessit,
801 679 1087 742 accipiente
1118 677 1348 726 Uilfrido
1383 676 1740 738 episcopatum
1772 674 1936 723 totius

330 765 892 828 Nordanhymbrorum
917 762 1230 826 prouinciae.

401 849 502 910 Qui
528 849 715 896 deinde
739 849 991 910 regnante
1017 845 1278 908 Ecgfrido,
1302 844 1487 906 pulsus
1514 844 1592 890 est
1618 841 1932 905 episcopatu,
1968 854 2022 891 ib.
2047 866 2103 892 oc.
2126 866 2183 900 24,
2227 837 2231 842 ’

333 935 383 981 et
430 933 520 980 alii
568 948 662 994 pro
708 931 801 979 illo
852 929 1139 978 consecrati
1184 927 1461 987 antistites,
1518 943 1742 989 quorum
1785 941 1941 987 supra
1969 915 2021 949 ²5·

332 1015 709 1074 meminimus3
748 1015 1076 1074 Romamque
1117 1012 1301 1072 iturus,
1351 1013 1403 1058 et
1446 1027 1616 1058 coram
1659 1008 1940 1072 apostolico

334 1116 464 1161 papa
502 1115 709 1146 causam
753 1097 999 1157 dicturus,
1049 1094 1141 1143 ubi
1184 1111 1375 1143 nauem
1415 1093 1730 1155 conscendit,
1781 1093 1942 1140 flante

335 1181 565 1231 Fauonio
615 1181 797 1244 pulsus
846 1181 925 1227 est
972 1178 1214 1239 Fresiam,
1270 1180 1322 1225 et
1382 1179 1641 1238 honorifice
1696 1180 1944 1238 Susceptus
1973 1189 2027 1226 ib.
2048 1201 2104 1226 00.
2132 1190 2186 1235 26,

335 1283 365 1315 α
412 1264 646 1313 barbaris
689 1280 745 1311 ac
782 1278 888 1325 resse
926 1262 1140 1310 illorum
1180 1260 1453 1323 Alclyil304,
1498 1260 1825 1322 praedicabat
1868 1258 1942 1307 eis
1974 1252 2027 1326 ἐξ·
2045 1289 2137 1326 Act.

339 1351 598 1408 Christum,
622 1349 673 1395 et
689 1349 845 1395 multa
862 1362 1044 1394 eorum
1064 1346 1205 1394 milia
1220 1346 1368 1393 uerbo
1384 1344 1621 1392 ueritatis
1640 1343 1937 1404 instituens,
1974 1340 2060 1377 vffi.
2080 1349 2111 1384 5·

338 1451 367 1481 a
391 1434 719 1495 peccatorum
746 1446 962 1477 suorum
987 1429 1228 1478 sordibus
1252 1429 1398 1476 fonte
1426 1427 1710 1476 Saluatoris
1744 1427 1912 1475 abluit
1933 1444 1944 1487 3

339 1519 390 1564 et
424 1515 561 1578 quod
598 1513 938 1576 postmodum
983 1514 1222 1574 Uilbrorcl,
1254 1511 1713 1561 reuerentissimus
1749 1509 1946 1560 Christi

338 1598 587 1662 pontifex,
632 1597 688 1645 in
724 1613 915 1659 magna
957 1595 1234 1644 deuotione
1273 1596 1551 1658 conpleuit,
1599 1595 1712 1658 ipse
1748 1596 1947 1656 primus

342 1685 408 1731 ibe·
447 1698 576 1744 opus
625 1680 987 1743 euangelicum
1026 1679 1206 1741 coepit.
1284 1680 1371 1727 Ibi
1412 1696 1534 1742 ergo
1572 1680 1786 1727 hiemem
1827 1694 1946 1725 cum
1979 1685 2151 1729 Eddius‚

341 1783 480 1814 noua
505 1764 603 1813 Dei
627 1764 779 1827 plebe
804 1763 1026 1811 feliciter
1052 1763 1277 1825 exigens,
1311 1763 1383 1811 sic
1417 1764 1641 1811 Romam
1666 1761 1916 1810 ueniendi
1934 1761 1951 1787 5
1982 1748 2039 1773 ω’
2057 1738 2179 1779 28-32.

342 1852 434 1897 iter
459 1848 703 1911 repetiit-3
741 1850 792 1896 et
828 1849 914 1896 ubi
944 1864 1094 1897 causa
1130 1849 1235 1896 cius
1271 1846 1522 1895 uentilata
1558 1849 1651 1907 est,
1682 1847 1953 1908 praesente

341 1933 388 1981 A
394 1934 602 1995 yathonc
616 1947 754 1993 papa
779 1933 829 1979 et
848 1930 1086 1993 pluribus
1103 1932 1343 1992 episcopis,
1371 1930 1742 1978 uniuersorum
1761 1929 1952 1977 iudicio

342 2017 535 2078 absque
584 2015 802 2063 crimine
851 2016 1119 2062 accusatus
1165 2013 1337 2076 fuisse,
1393 2016 1445 2061 et
1492 2013 1789 2076 episcopatu
1839 2028 1950 2060 esse

344 2099 536 2161 dignus
572 2098 822 2145 inuentus
860 2100 951 2146 est.

417 2183 530 2244 Quo
573 2181 629 2229 in
672 2183 910 2243 tempore
947 2180 1089 2228 idem
1124 2197 1257 2243 papa
1293 2180 1503 2242 Agatho,
1547 2196 1667 2228 cum
1704 2180 1952 2241 synodum
1983 2188 2090 2225 ωε.
2112 2199 2163 2233 53-

346 2267 681 2328 congregaret
717 2266 912 2312 Romae
951 2264 1155 2313 CXXV
1185 2265 1535 2324 cpiscoporum,
1565 2263 1816 2312 aduersus
1849 2279 1950 2325 eos,

347 2348 438 2412 qui
464 2365 626 2396 unam
646 2349 702 2395 in
723 2347 951 2396 Domino
973 2346 1241 2394 Saluatore
1260 2346 1590 2394 uoluntatem
1610 2348 1767 2408 atque
1786 2362 1957 2407 opera·

346 2433 549 2481 tionem
592 2430 1028 2494 dogmatizabant,
1083 2431 1256 2479 uocari
1303 2429 1458 2477 iussit
1507 2431 1594 2476 et6
1642 2428 1948 2490 Uilfridum,

347 2518 504 2577 atque
529 2516 665 2562 inter
693 2515 961 2577 episcopos
998 2513 1358 2561 considentem
1395 2512 1563 2560 dicere
1595 2512 1756 2560 fidem
1785 2528 1950 2574 suam,

351 2600 511 2648 simul
572 2601 622 2646 et
672 2597 972 2661 prouinciae
1029 2596 1140 2645 siue
1187 2596 1403 2657 insulae,
1459 2596 1522 2643 de
1572 2612 1674 2658 qua
1722 2597 1950 2644 uenerat.

352 2684 590 2744 Cumque
616 2681 900 2730 catholicus
925 2680 1029 2728 fide
1055 2697 1175 2727 cum
1195 2679 1302 2728 suis
1322 2682 1457 2727 esset
1472 2679 1736 2740 inuentus,
1759 2678 1958 2741 placuit

351 2768 449 2815 hoc
474 2766 613 2813 inter
639 2768 806 2812 cetera
833 2764 1066 2812 eiusdem
1092 2762 1279 2826 synodi
1303 2763 1462 2825 gestis
1481 2762 1655 2823 inseri,
1681 2761 1956 2824 scriptum-

353 2867 452 2912 que
495 2851 573 2896 est
611 2848 709 2896 hoc
751 2848 940 2896 modo:
986 2847 1265 2908 ‘Uilsre'dus
1302 2848 1406 2894 Deo
1447 2847 1674 2894 amabilis
1714 2847 1960 2906 episcopus

351 2933 631 2981 Εὒονασαετ
681 2932 911 2993 ciuitati&
966 2931 1279 2992 apostolicam
1326 2931 1485 2978 sedem
1539 2931 1597 2978 cle
1655 2944 1748 2979 sua
1807 2943 1959 2977 causa

412 3085 423 3108 ¹
456 3086 584 3124 ebur·
607 3085 655 3126 C.
824 3083 840 3106 ²
871 3086 936 3123 -iu
958 3085 1008 3124 B.
1031 3084 1075 3125 C.
1100 3084 1154 3124 N.
1326 3083 1341 3106 3
1370 3084 1499 3122 laest-
1521 3085 1584 3131 B;
1613 3083 1877 3133 laestingaei
1892 3083 1924 3122 C
1946 3095 1956 3132 ;

357 3152 502 3202 -guaei
521 3152 575 3191 N.
781 3150 795 3174 4
825 3151 953 3202 -gislo
975 3150 1027 3189 N.
1215 3148 1230 3170 ⁵
1258 3149 1476 3188 ueniendi
1497 3152 1622 3188 added
1642 3163 1693 3188 οη
1712 3152 1873 3197 marqin
1895 3148 1952 3188 M.

355 3217 371 3240 ⁶
402 3220 445 3256 et
468 3231 540 3258 om.
567 3217 616 3257 C.
788 3216 804 3239 ⁷
833 3218 963 3256 ebur·
985 3216 1034 3256 C.
