2240 3444
267 171 367 210 Cn.
392 165 463 218 11.]
770 158 960 211 Gentis
999 158 1339 227 szylorum.
1747 161 1848 212 129

267 301 442 362 fertur,
475 302 593 364 quia
611 302 743 351 facta
763 303 918 351 citato
938 321 1089 366 opere
1110 322 1267 364 cruce,
1293 322 1348 353 ac
1368 305 1517 353 fouea
1535 307 1843 366 praeparata,

268 383 323 430 in
350 402 447 445 qua
474 385 633 433 statui
659 386 881 447 deberet,
912 387 1021 448 ipse
1047 387 1148 435 fide
1174 388 1379 435 feruens
1398 389 1532 436 hanc
1557 387 1843 448 arripuerit,

266 481 322 513 ac
371 468 550 517 foueae
596 470 894 532 inposuerit,
947 474 1101 532 atquc
1150 475 1366 531 utraque
1413 486 1572 517 manu
1630 471 1849 515 erectam

267 550 492 598 tenuerit
514 551 542 612 ¹,
592 553 751 600 donec
800 554 1011 614 adgesto
1059 571 1088 601 a
1134 554 1391 601 militibus
1433 553 1645 615 puluere
1687 554 1852 599 terrae

266 632 539 694 figeretur3
589 638 641 682 et
680 635 777 682 1100
814 635 960 695 factO,
1007 636 1138 684 elata
1169 637 1225 683 in
1271 636 1436 683 altum
1476 653 1599 683 uoce
1636 632 1852 682 cuncto2

265 716 511 764 exercitui
543 717 970 778 proclamauerit:
1016 718 1340 766 ‘Flectamus
1373 735 1553 766 omnes
1586 733 1767 779 genua,
1802 718 1852 763 01

266 798 437 846 Deum
459 800 474 823 ²³
502 799 929 862 omnipotentem,
960 801 1160 861 uiuum,
1192 818 1248 849 ac
1280 817 1463 848 uerum
1494 800 1549 847 in
1576 815 1852 847 commune

266 881 610 943 deprecemur,
660 884 716 930 ut
756 900 852 931 nos
893 883 956 930 ab
1000 883 1149 931 hoste
1188 884 1410 946 superbo
1453 900 1510 930 ac
1552 882 1717 929 feroce
1760 898 1852 929 sua

264 963 597 1012 miseratione
634 965 911 1025 defendat3
950 965 1046 1013 scit
1083 966 1226 1013 enim
1270 967 1392 1029 ipse,
1436 965 1557 1027 quia
1588 965 1724 1012 iusta
1759 980 1852 1026 pro

264 1048 430 1095 salute
477 1047 649 1110 gentis
695 1051 901 1096 nostrae
952 1048 1090 1096 bella
1145 1049 1502 1111 suscepimus.'
1598 1047 1852 1095 Fecerunt

264 1146 459 1190 omnes,
491 1133 550 1178 ut
574 1131 807 1191 iusserat,
839 1132 890 1178 01
915 1130 987 1178 510
1012 1131 1291 1193 incipiente
1312 1130 1541 1178 diluculo
1565 1130 1621 1176 in
1645 1129 1850 1177 hostem

262 1213 531 1274 progressi,
563 1213 706 1261 iuxta
732 1213 980 1261 meritum
1008 1230 1128 1261 suae
1146 1213 1267 1261 fidei
1292 1212 1510 1260 uictoria
1534 1211 1687 1274 potiti
1706 1214 1844 1260 sunt.

263 1295 330 1343 In
360 1295 506 1344 cuius
537 1296 650 1344 loco
681 1296 929 1344 orationis
969 1296 1273 1344 innumerae
1307 1295 1529 1343 uirtutes
1566 1294 1849 1342 sanitatum

263 1382 553 1427 noscuntur
610 1396 720 1427 esse
771 1382 1014 1442 patratae,
1070 1380 1134 1427 ad
1187 1378 1443 1427 indicium
1499 1377 1738 1425 uidelicet
1793 1393 1850 1424 ac

263 1462 570 1510 memoriam
612 1461 768 1510 fidei4
811 1462 960 1524 regis.
1034 1462 1170 1510 Nam
1209 1465 1259 1509 01
1298 1478 1462 1524 usque
1499 1461 1652 1509 hodie
1694 1459 1850 1507 multi

264 1545 326 1592 de
351 1544 462 1607 ipso
488 1545 628 1607 ligno
648 1547 994 1593 sacrosanctae
1015 1545 1178 1593 crucis
1198 1544 1392 1593 astulas
1411 1544 1641 1591 excidere
1662 1543 1843 1602 solent,

264 1644 390 1689 quas
434 1644 552 1674 cum
587 1627 643 1675 in
681 1644 838 1689 aquas
859 1625 875 1651 ⁵
911 1627 1166 1687 miserint,
1211 1627 1385 1689 eisque
1421 1627 1729 1688 languentes
1765 1625 1851 1672 ho-

263 1710 432 1758 mines
470 1713 559 1758 aut
597 1712 818 1774 pecudes
859 1710 1167 1773 potauerint,
1213 1710 1324 1758 siue
1363 1709 1686 1771 asperserint,
1728 1724 1851 1755 mox

264 1793 473 1841 sanitati
499 1794 857 1841 restituuntur.

332 1876 560 1924 Uocatur
607 1877 750 1924 100115
791 1876 879 1923 1110
922 1876 1102 1937 lingua
1149 1875 1445 1937 Anglorum
1488 1874 1795 1922 Hefenfelth
1816 1874 1844 1934 ⁶,
1880 1884 1924 1915 at
1942 1880 2092 1916 Hefen-

263 1959 400 2020 quod
441 1959 542 2006 dici
577 1961 747 2020 potest
789 1958 948 2006 latine
987 1957 1219 2005 caelestis
1261 1974 1487 2020 campus,
1533 1958 1670 2019 quod
1713 1959 1850 2004 certo
1879 1930 1996 1966 felth.

193 2030 196 2033 ¹
261 2041 443 2103 utique
467 2041 727 2103 praesagio
751 2041 1051 2088 futurorum
1083 2040 1374 2102 antiquitus
1404 2057 1596 2087 nomen
1625 2039 1817 2101 accepit
1840 2058 1850 2099 ;

263 2123 561 2186 significans
594 2123 860 2183 nimirum,
896 2123 1032 2184 quod
1070 2123 1265 2171 ibidem
1298 2123 1515 2171 caeleste
1547 2123 1852 2186 erigendum

264 2209 545 2269 tropaeum,
578 2206 812 2254 caelestis
847 2205 1138 2254 inchoanda
1173 2205 1404 2266 uictoria,
1430 2205 1668 2254 caelestia
1687 2222 1851 2267 usque

263 2289 416 2338 hodie
457 2289 626 2337 forent
668 2288 916 2336 miracula
964 2289 1281 2336 celebranda.
1355 2289 1449 2336 Est
1491 2291 1666 2336 autem
1708 2288 1850 2336 locus

262 2372 405 2420 iuxta
433 2388 644 2419 murum
679 2371 833 2418 illum
866 2371 928 2418 ad
960 2371 1271 2433 aquilonem,
1303 2388 1403 2433 quo
1438 2371 1662 2418 Romani
1691 2387 1849 2433 quon-

263 2456 384 2503 dam
426 2456 490 2503 ob
527 2455 772 2503 arcendos
806 2454 1142 2502 barbarorum
1180 2454 1409 2516 impetus
1448 2456 1613 2501 totam
1655 2470 1683 2501 a
1719 2452 1851 2500 mari

264 2538 327 2586 ad
363 2554 507 2586 mare
542 2537 871 2600 praecinxere
915 2536 1245 2598 Brittaniam,
1277 2540 1336 2585 ut
1372 2553 1525 2598 supra
1561 2536 1844 2583 docuimus.

265 2620 332 2668 In
350 2638 449 2683 quo
466 2620 708 2668 uidelicet
727 2620 838 2667 loco
858 2620 1290 2668 consuetudinem
1307 2620 1476 2667 multo
1495 2619 1598 2666 iam
1618 2621 1849 2679 tempore

264 2703 491 2751 fecerant
538 2704 723 2752 fratres
771 2702 1207 2765 Hagustaldensis
1255 2701 1509 2761 ecclesiae,
1565 2717 1694 2762 quae
1742 2716 1849 2747 non

263 2785 416 2847 longe
434 2786 590 2846 abest,
613 2785 951 2834 aduenientes
976 2784 1122 2832 omni
1141 2802 1280 2832 anno
1305 2784 1470 2846 pridie
1492 2799 1647 2844 quam
1673 2784 1849 2843 postea

262 2866 401 2914 idem
426 2884 516 2914 rex
536 2868 730 2916 Osuald
747 2868 762 2892 ⁷
788 2867 985 2915 occisus
1004 2869 1095 2927 est,
1120 2866 1326 2929 uigilias
1344 2882 1436 2927 pro
1457 2865 1622 2912 salute
1646 2864 1849 2912 animae

264 2948 374 2996 eius
415 2948 591 3010 facere,
639 2949 969 3012 plurimaque
1016 2949 1338 3011 psalmorum
1386 2947 1536 2994 laude
1579 2946 1842 3006 celebrata,

251 3030 533 3078 uictimam
566 3048 657 3093 pro
690 3048 748 3079 00
781 3048 932 3079 mane
965 3047 1134 3079 sacrae
1167 3029 1442 3078 oblationis
1475 3028 1669 3077 offerre.
1749 3027 1849 3089 Qui

315 3151 328 3174 ¹
361 3154 533 3191 teneret
552 3153 610 3192 M.
632 3153 708 3201 Hl.
780 3153 795 3174 ²
825 3154 1004 3192 cunctui
1026 3151 1099 3192 M¹.
1172 3152 1186 3173 ³
1216 3152 1450 3190 dominum
1473 3152 1530 3191 M.
1604 3149 1618 3172 “¹
1648 3150 1753 3189 fidei
1774 3164 1847 3190 om.

262 3217 321 3256 M.
343 3218 415 3266 Hl.
515 3217 530 3239 ⁵
559 3229 720 3268 aquam
742 3217 817 3258 M1.
912 3217 927 3238 ⁶
954 3218 1064 3256 -feld
1086 3217 1131 3256 C.
1154 3217 1238 3266 N2;
1269 3216 1374 3255 -fled
1394 3216 1463 3256 N¹.
1547 3213 1562 3236 ⁷
1592 3216 1778 3255 osuuald
1801 3215 1848 3255 G.

1037 3300 1074 3331 K
