2240 3444
251 136 348 176 Cn.
368 137 465 174 XXI
484 133 704 187 [XX111].]
770 126 959 181 Gentis
998 130 1333 199 Anylorzwn.
1719 143 1819 190 257

322 271 431 332 Qua
477 271 716 320 uidelicet
758 277 907 321 nocte
956 275 1210 324 Dominus
1258 280 1584 341 omnipotens
1627 284 1821 331 nbituni

251 353 415 416 ipsius
458 353 514 400 in
563 354 665 401 alio
714 354 921 417 longius
967 358 1132 418 posito
1176 362 1496 421 monasterio,
1545 366 1674 424 quod
1722 366 1825 425 ipsa

255 436 437 484 eodem
487 452 624 483 anno
684 440 1051 493 construxerat,
1107 443 1154 487 et
1205 442 1492 503 appellatur
1545 445 1778 492 lim-anns
1798 447 1821 503 ¹,

256 517 534 566 manifesta
567 517 767 566 uisione
796 520 1024 567 reuelare
1058 521 1296 583 (lignatus
1325 527 1414 571 est.
1489 525 1608 572 Erat
1642 528 1689 573 in
1723 528 1828 588 ipso

256 600 569 648 monasterio
611 601 861 662 quaedam
911 602 1318 651 sanctimonialis
1366 605 1569 665 femina,
1625 610 1831 655 nomin«¹

258 683 405 744 Begu
426 683 454 742 2,
487 699 616 744 quae
639 682 795 730 XXX
820 685 870 730 et
895 684 1118 745 amplius
1138 702 1300 732 annos
1326 687 1555 735 dedicata
1574 689 1588 711 ³
1611 690 1831 736 I)‹›min‹›

258 763 573 827 uirginitate,
639 764 693 811 in
753 766 1051 814 monachica
1122 769 1507 815 conuersatione
1566 771 1829 820 seruiebat.

260 847 404 895 Haec
449 849 575 894 tunc
622 846 678 894 in
727 847 1026 895 dormitorio
1074 865 1308 896 sororum
1356 867 1590 911 pausans,
1637 852 1833 901 audiuit

260 929 432 978 subito
468 929 524 976 in
561 945 675 976 aere
711 932 895 977 notum
938 947 1212 992 campanae
1249 948 1450 993 sonum,
1493 950 1593 995 quo
1632 934 1693 980 ad
1734 952 1835 982 ora·

258 1011 427 1060 tiones
456 1011 666 1059 excitari
693 1011 777 1058 uel
803 1013 1069 1059 conuocari
1096 1013 1342 1074 solebant,
1373 1031 1490 1062 cum
1517 1016 1630 1077 quis
1660 1034 1834 1064 eorum

258 1095 322 1142 de
357 1094 558 1142 saeculo
595 1093 778 1141 fuisset
816 1097 1091 1155 euocatus3
1127 1096 1429 1157 apertisque,
1473 1099 1530 1144 ut
1564 1097 1661 1144 sibi
1699 1097 1835 1144 uide-

256 1176 425 1238 batur,
466 1176 640 1238 oculis,
682 1177 891 1239 aspexit,
934 1178 1133 1225 detecto
1169 1179 1353 1226 domus
1389 1179 1627 1234 culmine,
1670 1180 1833 1226 fusam

259 1259 478 1322 desuper
518 1260 724 1308 lucem*
774 1260 950 1308 omnia
985 1260 1297 1322 repleuisse;
1334 1261 1415 1308 cui
1453 1261 1691 1308 uidelicet
1735 1261 1836 1308 luci

261 1343 388 1392 dum
419 1343 643 1391 sollicita
677 1343 986 1404 intenderet,
1017 1344 1151 1392 uidit
1188 1343 1415 1391 animam
1454 1343 1706 1405 praefatae
1744 1343 1837 1390 Dei

261 1425 488 1473 famulae
548 1425 605 1473 in
652 1425 763 1488 ipsa
821 1426 945 1485 luce,
1005 1426 1371 1473 comitantibus
1419 1441 1474 1473 ac
1533 1425 1839 1472 ducentibus

265 1508 477 1579 angelis,
531 1509 594 1557 ad
654 1509 854 1556 caelum
902 1508 1039 1557 ferri.
1117 1508 1352 1569 Cumque
1405 1524 1586 1554 somno
1635 1523 1841 1553 excussa

266 1591 504 1640 111(101“01;5
541 1593 736 1639 ceteras
771 1593 1044 1653 pausantes
1085 1590 1214 1638 circa
1249 1607 1303 1637 se
1336 1606 1547 1649 sorores,
1586 1589 1843 1636 intellexit

267 1674 353 1723 uel
391 1675 448 1722 in
491 1673 710 1729 somnio,
750 1673 835 1721 uel
876 1674 932 1720 in
974 1673 1175 1721 uisione
1212 1672 1406 1720 mentis
1444 1673 1705 1719 ostensum
1746 1670 1842 1716 sibi

268 1773 391 1818 esse,
459 1757 594 1819 quod
655 1756 872 1804 uiderat.
968 1755 1262 1817 Statimque
1327 1769 1618 1815 exsurgens,
1683 1751 1843 1799 11111110

267 1839 457 1888 timore
505 1839 792 1902 perterrita,
841 1838 1065 1886 cucurrit
1107 1837 1170 1885 ad
1218 1836 1491 1899 uirginem,
1544 1851 1675 1896 quae
1722 1837 1844 1881 tunc

268 1922 585 1971 monasterio
624 1921 913 1970 abbatissae
955 1920 1068 1968 uice
1106 1919 1341 1982 praefuit,
1388 1918 1469 1966 cui
1509 1933 1696 1965 nomen
1740 1917 1846 1963 erat

214 2041 223 2050 -
270 2005 513 2069 Frigyd⁶,
567 2005 798 2068 fletuque
846 2021 902 2052 ac
948 2003 1171 2051 lacrimis
1219 2002 1448 2049 multum
1504 2000 1718 2061 perfusa,
1756 1996 1847 2062 {ac

269 2088 490 2151 suspiria
549 2087 704 2150 longa
761 2086 988 2146 trahens,
1043 2083 1307 2133 nuntiauit
1365 2084 1582 2130 matrem
1640 2080 1847 2127 illarum

270 2172 510 2220 omnium
547 2171 713 2220 Hild⁷
755 2169 1068 2217 abbatissam
1104 2167 1209 2214 iam
1250 2165 1494 2228 migrasse
1531 2164 1592 2211 de
1633 2161 1842 2218 saecuIO,

271 2257 323 2303 et
359 2271 413 2303 se
454 2255 750 2316 aspectante
786 2268 906 2300 cum
942 2251 1056 2299 luce
1094 2249 1343 2307 inmensa,
1387 2246 1600 2296 ducibus
1638 2243 1844 2306 angelis,

270 2337 334 2386 ad
381 2340 617 2386 aeternae
675 2334 859 2383 limina
910 2333 1044 2381 lucis
1103 2334 1152 2379 et
1212 2345 1551 2392 supernorum
1600 2325 1850 2374 consortia

273 2420 470 2470 ciuium
495 2418 801 2468 ascendisse.
880 2416 1026 2477 Quod
1054 2431 1173 2463 cum
1199 2413 1290 2461 illa
1317 2411 1556 2468 audisset,
1587 2407 1847 2456 suscitauit

273 2506 484 2552 cunctas
510 2517 719 2562 sorores,
751 2501 802 2548 et
828 2499 882 2546 in
909 2498 1176 2546 ecclesiam
1203 2496 1508 2543 conuocatae
1538 2488 1850 2538 orationibus

273 2603 329 2635 ac
372 2585 588 2649 psalmis
634 2600 726 2646 pro
773 2582 948 2630 anima
990 2580 1169 2629 matris
1218 2592 1422 2640 operam
1471 2574 1589 2621 dare
1629 2570 1842 2618 monuit.

276 2670 424 2731 Quod
458 2685 576 2716 cum
613 2666 821 2714 residuo
856 2663 1022 2712 noctis
1059 2665 1288 2722 tempore
1326 2657 1598 2718 diligenter
1625 2654 1845 2714 agerent,

275 2751 536 2800 uenerunt
589 2749 761 2812 primo
823 2745 1049 2796 diluculo
1104 2744 1299 2799 fratres,
1354 2738 1442 2801 qui
1490 2737 1600 2784 eius
1652 2733 1849 2781 obitum

275 2834 592 2893 nuntiarent,
641 2849 671 2880 a
717 2832 842 2891 loco,
898 2828 1017 2876 ubi8
1064 2825 1304 2873 defuncta
1352 2823 1442 2868 est.
1520 2819 1591 2866 At
1629 2816 1745 2863 illae
1785 2830 1851 2860 re-

275 2917 592 2981 spondentes
635 2914 880 2963 dixerunt
918 2927 971 2958 se
1013 2907 1157 2971 prius
1192 2905 1368 2953 eadem
1410 2898 1743 2963 cognouisse;
1784 2898 1846 2951 et,

329 3039 344 3061 ¹
373 3041 567 3079 haconos
588 3039 635 3078 G.
802 3034 817 3056 ²
846 3034 969 3084 begib
992 3031 1062 3072 132.
1227 3028 1241 3049 ³
1271 3027 1415 3065 dicata
1433 3025 1482 3063 N.
1637 3020 1648 3042 ⁴
1678 3020 1771 3058 luce
1795 3019 1848 3057 M.

275 3105 291 3129 ⁵
318 3106 440 3145 uidit
461 3106 508 3144 O.
652 3101 667 3123 ⁶
696 3101 794 3152 -gyb
817 3101 850 3140 C
873 3114 882 3149 ;
913 3099 1005 3149 -gid
1027 3097 1079 3136 N.
1218 3092 1232 3115 ⁷
1263 3090 1518 3131 hildrudam
1542 3086 1608 3125 N2.
1734 3087 1748 3107 ²³
1777 3085 1854 3122 ubi

280 3175 406 3212 added
426 3184 473 3209 οη
493 3172 648 3218 Ματρίη
667 3168 726 3207 M.

1061 3249 1086 3281 5

1859 295 2012 328 Via-inm

1856 357 1884 373 v·
1894 346 2072 376 mum-tani

1859 392 1954 424 with
1979 392 2041 425 lwn

1858 442 1945 475 «lent
1955 441 1990 473 11.
