2240 3444
437 111 541 160 144
886 108 952 161 H
951 108 1157 163 istoria
1195 109 1581 164 Ecclesiastica
1828 118 1938 172 [Lm.
1957 123 2033 163 111.

432 255 544 305 1000
580 257 982 320 reponeretur¹3
1020 259 1158 321 quod
1192 258 1321 306 dum
1358 258 1521 320 fieret,
1552 260 1728 306 tantae
1765 257 2038 321 flagrantia

432 341 704 389 suauitatis
735 341 799 389 ab
837 341 956 390 imis
989 341 1246 403 ebulliuit,
1277 344 1338 390 ut
1371 342 1585 403 cunctiS,
1619 341 1709 404 qui
1741 341 2031 403 adstabant,

432 423 679 472 fratribus
714 441 770 473 ac
806 425 1079 487 sororibus,
1116 425 1262 488 quasi
1298 423 1649 488 opobalsami2
1685 424 1890 473 cellaria
1927 440 2036 473 esse

432 507 740 556 uiderentur
763 510 951 571 aperta.

139 597 223 630 and
243 595 385 631 Ethel-
503 592 604 640 Sed
637 593 688 640 et
721 593 1001 640 matertera
1038 591 1163 652 eius,
1198 592 1262 639 de
1288 608 1390 654 qua
1425 591 1669 652 diximus,
1699 590 2032 653 Aedilberg³‚

139 646 247 690 berg.
431 677 483 723 et
508 675 620 737 ipsa
645 675 754 723 Deo
781 675 1022 722 dilectam
1039 675 1056 700 4
1080 677 1360 737 perpetuae
1386 674 1706 737 uirginitatis
1733 673 1954 736 gloriam
1980 673 2038 721 in

430 775 620 821 magna
645 758 872 820 corporis
897 758 1220 806 continentia
1244 759 1474 806 seruauit
1490 757 1507 782 5
1529 776 1541 819 3
1579 774 1708 820 quae
1728 757 1876 805 cuius
1900 759 2037 805 esset

430 841 654 902 uirtutis,
686 841 855 904 magis
886 843 1004 903 post
1039 843 1269 889 mortem
1296 840 1498 890 claruit.
1574 841 1709 890 Cum
1735 840 1877 888 enim
1903 841 2038 888 esset

427 925 700 986 abbatissa,
745 924 914 986 coepit
960 924 1127 972 facere
1169 924 1226 972 in
1266 923 1582 972 monasterio
1625 941 1719 972 suo
1764 922 2039 972 ecclesiam

428 1008 484 1056 in
509 1009 762 1056 honorem
787 1007 1028 1056 omnium
1053 1007 1425 1069 apostolorum,
1456 1007 1513 1055 in
1539 1024 1640 1070 qua
1664 1024 1824 1056 suum
1851 1022 2039 1069 corpus

429 1092 659 1154 sepelliri
697 1091 948 1154 cupiebat.
1029 1091 1130 1140 Sed
1175 1108 1296 1138 cum
1338 1107 1469 1153 opus
1510 1091 1650 1139 idem
1693 1092 1757 1139 ad
1800 1091 2037 1139 medium

428 1177 592 1224 ferme
630 1177 765 1223 esset
801 1175 1127 1238 perductum,
1170 1174 1263 1223 illa
1299 1191 1367 1222 ne
1404 1175 1501 1222 hoc
1541 1174 1824 1237 perficeret,
1867 1176 2038 1222 morte

427 1261 700 1323 praerepta
725 1260 816 1320 est,
849 1260 900 1306 et
926 1258 984 1305 in
1009 1258 1122 1320 ipso
1148 1257 1390 1306 ecclesiae
1414 1258 1541 1319 loco,
1573 1258 1665 1306 ubi
1691 1258 2031 1319 desiderabat,

429 1342 651 1391 condita.
742 1342 872 1390 Post
920 1339 1068 1389 cuius
1117 1343 1356 1402 mortem,
1412 1340 1664 1389 fratribus
1712 1340 1815 1389 alia
1868 1340 2038 1403 magis

429 1426 743 1486 curantibus,
774 1426 1135 1474 intermissum
1170 1426 1249 1472 est
1281 1425 1379 1472 hoc
1406 1424 1702 1472 aedificium
1727 1424 1879 1472 annis
1904 1424 2031 1485 VII,

428 1510 618 1571 quibus
668 1509 924 1577 conpletis·
970 1509 1266 1556 statuerunt
1315 1507 1380 1555 ob
1441 1506 1770 1555 nimietatem
1824 1506 2030 1569 laboris,

427 1593 583 1641 huius
627 1595 945 1641 structuram
988 1592 1230 1640 ecclesiae
1273 1591 1515 1639 funditus
1562 1591 1869 1654 relinquere,
1918 1606 2034 1639 ossa

427 1693 552 1724 uero
578 1676 866 1725 abbatissae
891 1676 983 1723 1110
1011 1677 1072 1724 de
1099 1675 1208 1723 1000
1235 1675 1448 1735 eleuata,
1479 1675 1534 1722 in
1560 1674 1716 1722 aliam
1741 1673 2025 1734 ecclesiam,

426 1776 556 1822 quae
573 1762 706 1808 esset
721 1759 946 1823 perfecta
962 1776 1018 1808 ac
1035 1758 1279 1819 dedicata,
1301 1757 1596 1806 transferre.
1650 1758 1720 1806 Et
1738 1757 2033 1820 aperientes

425 1843 762 1905 sepulchrum
789 1843 913 1903 eius,
944 1843 1014 1890 ita
1052 1842 1427 1890 intemeratum
1461 1858 1649 1904 corpus
1678 1842 1940 1902 inuenere,
1972 1842 2031 1889 ut

423 1942 453 1973 a
490 1926 820 1988 corruptione
853 1923 857 1990 Ι
892 1925 1343 1989 concupiscentiae
1374 1924 1596 1972 carnalis
1629 1926 1738 1972 erat
1775 1924 2029 1986 inmune3
2059 1933 2088 1972 f.
2108 1944 2155 1978 50
2172 1933 2208 1970 b.

425 2010 476 2056 et
524 2009 598 2057 ita
645 2010 816 2057 denuo
864 2009 1047 2070 lotum,
1101 2010 1256 2070 atque
1305 2007 1423 2055 aliis
1483 2007 1720 2056 uestibus
1781 2007 2031 2056 indutum

425 2092 810 2140 transtulerunt
847 2092 979 2140 illud
1018 2092 1076 2139 in
1116 2092 1386 2139 ecclesiam
1426 2091 1565 2139 beati
1602 2090 1859 2152 Stephani
1901 2107 2031 2138 mar-

425 2175 568 2237 tyris.
631 2175 790 2224 Cuius
815 2175 1057 2223 uidelicet
1075 2174 1264 2223 natalis
1289 2174 1363 2222 ibi
1378 2175 1392 2198 ⁶
1413 2173 1546 2222 solet
1570 2173 1626 2221 in
1651 2189 1844 2236 magna
1867 2172 2032 2236 gloria

428 2257 675 2306 celebrari
701 2258 784 2306 die
809 2258 1081 2306 Nonarum
1107 2257 1380 2305 Iuliarum.

1082 2398 1236 2447 CAP.
1276 2397 1373 2446 IX.

432 2509 477 2544 Ut
496 2509 540 2545 in
569 2509 654 2557 loco,
688 2510 732 2545 in
761 2519 832 2554 quo
861 2509 1007 2545 occisus
1036 2510 1089 2544 est
1117 2518 1183 2544 rex
1206 2507 1350 2543 osuald
1364 2503 1391 2554 ⁷,
1426 2507 1556 2543 crebra
1585 2507 1804 2542 sam’tatmn
1834 2507 2030 2544 miracula

454 2574 561 2618 Ῐαστα
571 2588 586 2621 ;
615 2578 731 2620 utque
753 2577 810 2611 ibi
822 2576 954 2620 primo
973 2571 986 2592 3
1006 2576 1227 2610 iumentum
1248 2574 1457 2609 cuiusdam
1474 2574 1626 2609 uiantis
1645 2584 1690 2608 ac
1710 2574 1846 2609 deinde
1858 2574 1993 2618 puella

1005 2642 1056 2676 sit
1069 2640 1283 2685 paralitica
1303 2641 1455 2676 curata.

495 2739 778 2787 REGNAUIT
802 2740 981 2786 autem
1008 2737 1204 2787 Osuald
1222 2738 1237 2762 ⁷
1273 2736 1736 2785 christianissimus
1772 2753 1864 2785 rex
1905 2736 2029 2785 Nor-

424 2822 872 2885 danhymbrorum
896 2821 1071 2870 VIIII
1101 2836 1280 2881 annos,
1322 2820 1663 2869 adnumerato
1693 2820 1853 2869 etiam
1883 2820 1975 2869 illo
1992 2822 2021 2883 ⁹,

479 2932 489 2954 ¹
522 2935 768 2983 poneretur
789 2932 834 2972 C.
1062 2930 1079 2956 2
1110 2944 1204 2982 opo.
1231 2932 1259 2971 i.
1286 2931 1403 2969 succi
1424 2932 1615 2970 balsami
1639 2931 1681 2971 .i.
1704 2932 1791 2970 oaes
1815 2931 2026 2984 [tea]res;

422 3002 519 3046 yloss
558 3012 606 3037 οη
645 3003 754 3038 lower
791 3001 950 3047 maryin
988 3000 1033 3045 of
1065 2998 1122 3037 M.
1293 2998 1307 3020 ³
1337 2998 1470 3036 aebil-
1507 2996 1555 3036 Ο2
1574 2998 1648 3049 (Ῥ).
1814 2997 1828 3019 ⁴¹
1861 2999 2028 3037 dilecta

423 3065 473 3102 B.
488 3065 556 3104 W.
675 3066 688 3088 ⁵
716 3065 1000 3104 conseruauit
1023 3065 1080 3104 M.
1108 3068 1199 3114 (due
1220 3069 1253 3102 to
1274 3065 1559 3103 continentia
1576 3064 1812 3117 precediny).
1928 3062 1944 3085 ⁶
1963 3065 2027 3102 ibi

423 3145 495 3170 om.
523 3131 569 3170 C.
683 3129 697 3152 ⁷
727 3132 917 3170 osuuald
939 3131 986 3171 C.
1100 3128 1114 3150 ⁸
1143 3130 1303 3181 primo,
1328 3134 1453 3169 added
1473 3144 1521 3169 on
1541 3134 1699 3178 margin
1716 3131 1775 3171 M.
1902 3130 1918 3154 ⁹
1948 3130 2027 3169 illo

423 3209 542 3237 anno
565 3198 611 3238 C.
634 3198 685 3237 D.
707 3199 774 3247 Al.
796 3198 868 3238 &c.
