2240 3444
58 1169 260 1205 Benedict

61 1220 217 1264 Biscop,

58 1270 237 1305 founder
250 1270 296 1305 of

58 1320 201 1355 Wear-

61 1370 217 1406 mouth.

62 2237 136 2272 His
155 2236 300 2282 origin.

578 515 810 560 INCIPIT
847 513 995 559 VITA
1032 511 1376 558 BEATORUM
1420 507 1726 554 ABBATUM

394 647 893 719 BENEDICTI,
972 642 1471 715 OEOLFRIDI,
1541 639 1904 702 EOSTER-

787 760 1032 834 WINI,
1103 757 1521 831 SIGFRIDI,

1046 898 1225 940 ATQUE

793 1003 1462 1065 HWAETBERHTI
1482 1011 1515 1066 1.

426 1167 463 1200 1.
507 1151 828 1198 RELiciosus
855 1148 1052 1197 Christi
1076 1147 1308 1196 famulus
1325 1148 1580 1211 Biscopus
1606 1149 1953 1211 cognomento

350 1233 678 1293 Benedictus,
710 1232 972 1295 aspirante
998 1248 1223 1294 superna
1256 1231 1434 1295 gratia,
1464 1233 1812 1281 ‘monasterium
1839 1247 1955 1279 con-

351 1317 540 1365 struxit
587 1316 643 1364 in
693 1316 890 1364 honore
948 1314 1239 1363 beatissimi
1297 1315 1654 1378 apostolorum
1701 1314 1955 1378 principis

351 1399 509 1461 Petri,
562 1401 703 1448 iuxta
749 1401 927 1448 ostium
976 1400 1210 1459 fluminis
1270 1398 1454 1448 Uz’urz’2
1504 1399 1568 1447 ad
1629 1397 1947 1461 aquilonem,

348 1483 563 1532 iuuante
599 1498 653 1530 se
690 1499 747 1531 ac
783 1484 978 1530 terram
1015 1481 1281 1530 tribuente
1305 1481 1597 1530 uenerabili
1629 1498 1686 1529 ac
1714 1480 1954 1544 piissimo

348 1566 518 1630 gentis
565 1565 708 1614 illius
757 1582 874 1628 rege
922 1565 1225 1628 AEcgfrido;
1277 1564 1524 1629 idemque
1573 1564 1954 1613 monasterium

350 1649 503 1698 annis
528 1648 767 1709 sedecim,
799 1648 938 1696 inter
961 1648 1270 1697 innumeros
1302 1649 1388 1697 uel
1413 1648 1663 1698 itinerum
1689 1648 1775 1697 uel
1809 1647 1954 1696 infir-

351 1732 598 1780 mitatum
657 1731 873 1792 labores,
929 1731 1107 1779 eadem
1168 1750 1270 1795 qua
1331 1732 1624 1780 construxit
1683 1730 1949 1794 religione,

350 1815 563 1863 sedulus
594 1814 743 1863 rexit.
842 1814 943 1876 Qui
975 1817 1035 1863 ut
1072 1815 1208 1863 beati
1247 1833 1410 1880 papae
1448 1815 1719 1878 Gregorii³
1761 1813 1949 1875 uerbis,

351 1898 540 1961 quibus
565 1897 891 1960 cognominis
917 1897 1030 1946 eius
1055 1899 1257 1948 abbatis
1293 1900 1462 1948 uitam
1500 1899 1772 1962 glorifica-t,
1803 1900 1924 1946 utar
1948 1916 1959 1946 ε

356 1981 505 2030 ‘Fuit
564 1981 648 2029 uir
705 1980 845 2029 uitae
904 1982 1234 2044 uenerabilis,
1290 1983 1458 2046 gratia
1520 1982 1841 2030 Benedictus
1902 1984 1954 2030 et

350 2067 577 2125 nomine,
625 2064 688 2112 ab
728 2064 842 2126 ipso
880 2064 1132 2127 pueritiae
1181 2082 1304 2114 suae
1352 2069 1588 2129 tempore
1638 2082 1724 2113 cor
1771 2081 1955 2127 gerens

350 2147 524 2208 senile,
546 2149 769 2196 aetatem
791 2147 981 2210 quippe
1001 2148 1234 2197 moribus
1258 2149 1531 2210 transiens,
1555 2148 1690 2196 nulli
1713 2148 1955 2196 animum

350 2230 607 2292 uoluptati
633 2230 809 2279 dedit.'
883 2230 1060 2279 Nobili
1097 2232 1310 2295 quidem
1348 2232 1511 2296 stirpe
1548 2231 1955 2295 gentis-Anglo-

349 2330 468 2361 rum
492 2314 809 2375 progenitus,
840 2314 929 2362 sed
960 2332 1068 2363 non
1102 2316 1297 2364 minori
1322 2317 1630 2365 nobilitate⁴
1656 2315 1853 2364 mentis
1890 2316 1954 2364 ad

349 2397 695 2459 promerenda
737 2413 944 2459 semper
992 2399 1301 2461 angelorum
1349 2400 1611 2448 consortia
1649 2416 1949 2463 suspensus.

351 2480 590 2542 Denique
610 2496 728 2528 cum
754 2484 889 2528 esset
914 2481 1156 2530 minister
1183 2484 1365 2533 Oswiu
1382 2485 1398 2509 5
1419 2483 1569 2547 regis,
1603 2486 1654 2531 et
1678 2482 1956 2546 possessio-

352 2579 474 2610 nem
499 2566 665 2611 terrae
691 2579 783 2611 suo
811 2564 994 2626 gradui
1026 2569 1415 2628 competentem
1451 2567 1545 2615 illo
1582 2568 1812 2616 donante
1846 2582 1957 2628 per-

355 2645 561 2708 ciperet,
615 2662 781 2693 annos
829 2648 985 2694 natus
1033 2647 1237 2697 circiter
1285 2646 1426 2697 ΧΧεἰ
1476 2651 1530 2697 et
1571 2649 1620 2697 V
1661 2648 1953 2712 fastidiuitc
2005 2691 2012 2699 .

407 2770 417 2791 ¹
451 2770 623 2820 Incipit
644 2771 738 2809 vita
768 2774 1025 2811 sanctorum
1057 2774 1274 2814 abbatum
1300 2775 1567 2815 monasterii
1597 2775 1647 2813 in
1666 2774 1957 2813 Wiremutha

352 2838 397 2874 et
441 2837 655 2885 Gyruum,
703 2836 951 2888 Benedicti,
995 2838 1225 2891 Ceolfridi,
1270 2841 1553 2892 Easterwini,
1591 2839 1780 2890 sigfridi
1821 2842 1958 2890 atque

356 2902 620 2952 Hwetberti,
645 2903 701 2941 ab
723 2903 925 2942 eiusdem
947 2907 1214 2944 monasterii
1241 2908 1492 2957 presbitero
1516 2909 1563 2946 et
1590 2907 1811 2946 monacho
1834 2906 1959 2945 Beda

355 2968 598 3017 co1np‹›sita
629 2969 680 3007 D.
714 2973 795 3007 ancl
825 2983 876 3020 so.
905 2974 998 3009 with
1027 2976 1116 3019 only
1143 2976 1292 3012 minute
1321 2976 1554 3024 dcfferences,
1587 2974 1662 3025 H2.
1682 2973 1729 3013 P.
1755 2973 1801 3012 C.
1834 2973 1885 3012 B.
1911 2973 1957 3011 F.

357 3033 528 3082 Incipit
554 3035 650 3072 uita
671 3035 824 3074 Sancti
855 3036 1094 3076 Benedicti
1118 3039 1427 3090 *cognomento
1457 3038 1634 3090 Biscop'
1655 3039 1845 3090 abbatis,
1871 3051 1958 3088 que

355 3100 422 3137 cst
443 3098 489 3137 ii.
512 3099 573 3138 id.
594 3100 796 3140 Ianuarii
818 3108 869 3142 Δ.
1218 3104 1236 3129 2
1265 3109 1320 3144 sic
1341 3106 1417 3155 Hl.
1439 3111 1476 3144 Δ
1495 3118 1505 3155 ;
1534 3107 1638 3145 wiri
1660 3106 1714 3146 D.
1737 3105 1815 3157 H2·
1837 3105 1885 3145 P.
1909 3105 1954 3145 C.

356 3165 393 3202 B
413 3178 422 3212 ;
452 3167 563 3214 wyri
587 3166 632 3206 F.
895 3168 909 3191 ³
939 3171 1131 3221 gregorii
1149 3183 1289 3222 papae
1312 3172 1357 3212 C.
1687 3172 1702 3194 4
1733 3172 1859 3212 -tatis
1880 3172 1958 3222 ΗΞ.

358 3230 372 3253 ⁵
402 3231 543 3268 oswiii
567 3231 652 3282 H13
683 3235 843 3273 oswini
867 3235 924 3284 C;
957 3237 1082 3275 oswii
1104 3241 1164 3283 Δ;
1197 3249 1320 3288 -wyn
1344 3238 1391 3278 F.

1979 494 2006 530 f.
2030 505 2101 541 78..

1984 1996 2145 2055 Pialog.

1982 2059 2027 2083 11.
2047 2059 2074 2083 1.
