2240 3444
104 1665 182 1700 His
203 1666 340 1702 death.

413 91 521 143 242
871 93 936 145 H
931 92 1136 146 istoria
1175 91 1568 146 Ecclesia-stica
1812 100 1922 152 [Lm.
1947 101 2019 144 IV.

410 237 739 302 Romamque
772 240 978 289 rediens
1015 241 1242 291 referret.
1320 242 1456 290 Nam
1494 243 1545 289 et
1582 241 1846 305 synodum
1880 237 2021 288 beati

408 338 572 384 papae
591 323 822 385 Martini,
844 329 1057 375 centum
1080 326 1314 390 quinque
1339 326 1703 389 episcoporum
1729 341 1985 373 consensu
2001 320 2018 347 ¹

409 423 517 455 non
542 409 713 458 multo
738 413 860 459 ante
885 412 1081 461 Romae
1099 412 1426 472 celebratam,
1454 413 1632 460 contra
1658 427 1745 458 eos
1769 410 2012 469 maxime,

408 492 497 554 qui
521 510 685 542 unam
716 495 773 543 in
806 496 1014 545 Christo
1049 497 1402 560 operationem
1437 498 1487 544 et
1517 495 1846 543 uoluntatem
1879 510 2018 556 prae-

407 575 664 639 dicabant,
704 576 708 642 1
742 596 919 628 secum
959 581 1180 629 ueniens
1221 582 1447 641 adtulit3
1491 583 1648 643 atque
1685 580 1742 627 in
1787 577 2017 641 praefato

406 660 788 723 religiosissimi
829 664 1032 713 abbatis
1075 665 1351 713 Benedicti
1390 663 1711 713 monasterio
1749 660 2019 711 transscri-

404 743 632 793 bendam
694 747 1061 797 commodauit.
1164 748 1314 797 Tales
1374 765 1601 810 namque
1660 764 1720 795 eo
1780 749 2018 808 tempore

404 827 566 877 fidem
604 830 1211 894 Constantinopolitanae
1254 832 1496 880 ecclesiae
1534 831 1768 880 multum
1812 831 2016 878 contur-

402 909 730 974 bauerunt²;
780 914 869 962 sed
920 915 1149 964 Domino
1200 915 1464 964 donante³
1502 915 1696 978 proditi
1738 914 1844 962 iam
1886 916 2016 962 tunc

402 996 454 1043 et
480 995 609 1044 uicti
634 1000 772 1046 sunt.
850 998 1007 1047 Unde
1030 999 1216 1047 uolens
1240 999 1451 1062 Agatho
1477 1016 1621 1061 papa,
1653 997 1788 1046 sicut
1814 997 1869 1045 in
1897 995 2016 1045 aliis

401 1079 700 1140 prouinciis,
747 1081 822 1130 ita
864 1082 1024 1130 etiam
1064 1083 1121 1130 in
1159 1083 1420 1132 Brittania
1458 1082 1625 1145 qualis
1667 1084 1803 1130 esset
1845 1082 2015 1129 status

401 1160 659 1224 ecclesiae,
701 1181 858 1226 quam
900 1165 964 1213 ab
1007 1165 1358 1214 hereticorum
1399 1165 1652 1228 contagiis
1690 1166 1875 1225 castus,
1912 1163 2014 1212 edi-

400 1259 554 1306 scere,
596 1245 695 1293 hoc
749 1248 1023 1309 negotium
1073 1248 1501 1297 reuerentissimo
1552 1248 1726 1296 abbati
1781 1245 2012 1296 Iohanni

397 1326 717 1377 Brittaniam
761 1331 1021 1379 destinato
1069 1331 1317 1381 iniunxit.
1395 1332 1747 1393 Quamobrem
1797 1330 2013 1379 collecta

396 1426 489 1471 pro
527 1411 626 1460 hoc
666 1413 724 1461 in
765 1414 1030 1464 Brittania
1066 1417 1278 1479 synodo,
1317 1433 1474 1479 quam
1513 1415 1756 1467 diximus,
1792 1414 2011 1462 inuenta

396 1494 473 1541 est
520 1494 577 1543 in
627 1496 875 1545 omnibus
916 1497 1047 1546 fides
1095 1498 1351 1547 inuiolata
1400 1497 1685 1558 catholica3
1723 1497 2010 1559 datumque

394 1576 477 1625 illi
501 1578 518 1602 4
544 1579 812 1642 exemplar
837 1580 948 1629 eius
974 1582 1200 1630 Romam
1225 1582 1610 1645 perferendum.

466 1660 670 1710 Uerum
694 1662 785 1711 ille
817 1664 1038 1726 patriam
1069 1666 1354 1723 reuertens,
1386 1682 1494 1713 non
1524 1665 1695 1713 multo
1728 1667 2007 1728 postquam

394 1760 648 1793 oceanum
699 1747 926 1808 transiit,
981 1750 1219 1811 arreptus
1267 1749 1579 1798 infirmitate
1627 1766 1685 1797 ac
1729 1750 2007 1798 defunctus

394 1829 472 1875 est
497 1846 508 1888 ;
547 1845 839 1892 corpusque
871 1830 982 1878 eius
1013 1830 1076 1878 ab
1112 1831 1295 1879 amicis
1327 1833 1538 1894 propter
1570 1848 1803 1880 amorem
1836 1831 2004 1880 sancti

392 1910 621 1972 Martini,
655 1911 802 1959 cuius
834 1913 1154 1961 monasterio
1187 1916 1430 1976 praeerat,
1471 1913 1732 1961 Turonis5
1770 1914 2004 1962 delatum

392 1996 548 2056 atque
604 1994 891 2043 honorifice
948 1997 1252 2059 sepultum6
1310 1999 1401 2045 est.
1475 1997 1612 2045 Nam
1668 1999 1717 2045 et
1772 1997 2002 2061 benigno

392 2076 636 2126 ecclesiae
660 2077 807 2125 illius
836 2078 1078 2141 hospitio,
1112 2096 1233 2127 cum
1265 2079 1585 2128 Brittaniam
1611 2079 1721 2141 iret,
1755 2082 2002 2142 exceptus

389 2161 482 2220 est,
514 2162 828 2222 rogatusque
861 2161 1094 2209 multum
1125 2179 1154 2210 a
1190 2161 1455 2222 fratribus,
1486 2164 1546 2210 ut
1577 2162 1802 2210 Romam
1836 2179 2002 2211 reuer-

389 2243 508 2289 tens
528 2242 556 2303 ⁷,
601 2243 695 2291 illo
744 2242 934 2291 itinere
976 2244 1196 2305 ueniret,
1246 2246 1401 2307 atque
1449 2245 1514 2292 ad
1557 2262 1672 2292 eam
1716 2245 1998 2296 diuerteret

391 2325 696 2387 ecclesiam;
758 2326 983 2389 denique
1025 2327 1225 2376 ibidem
1267 2327 1530 2375 adiutores
1576 2327 1782 2376 itineris
1830 2332 1882 2377 et
1925 2329 1999 2378 in·

391 2407 561 2456 iuncti
587 2409 758 2472 operis
783 2409 990 2472 accepit.
1047 2410 1146 2471 Qui
1173 2410 1270 2458 etsi
1296 2410 1353 2458 in
1378 2410 1567 2458 itinere
1596 2411 1873 2460 defunctus
1900 2416 1992 2475 est,

388 2492 739 2541 nihilominus
799 2493 1100 2555 exemplum
1171 2493 1454 2542 catholicae
1513 2493 1636 2542 fidei
1697 2495 1997 2558 Anglorum

388 2576 613 2623 Romam
649 2575 910 2638 perlatum
948 2579 1039 2637 est,
1070 2579 1226 2639 atque
1260 2576 1323 2624 ab
1357 2577 1640 2639 apostolico
1669 2595 1800 2641 papa
1835 2580 1997 2628 omni-

388 2657 601 2721 busque,
657 2659 747 2722 qui
799 2659 1011 2708 audiere
1068 2660 1154 2707 uel
1211 2659 1395 2721 legere,
1449 2662 1840 2722 gratantissime
1888 2679 1995 2711 sus·

387 2743 614 2803 ceptum.

441 2866 454 2888 1
485 2880 693 2906 consessu
716 2868 764 2907 C.
924 2867 940 2889 ²
972 2870 1098 2907 -runt
1119 2872 1258 2907 altered
1278 2873 1311 2907 to
1333 2872 1454 2908 -rant
1477 2870 1534 2909 M.
1681 2870 1695 2892 3
1726 2872 1914 2910 iuuante
1936 2870 1989 2911 N.

384 2933 398 2955 ⁴
428 2936 495 2972 est
516 2934 585 2972 illi
607 2935 653 2973 O.
786 2933 801 2957 ⁵
830 2935 1001 2974 toronis
1021 2935 1096 2975 M¹.
1118 2935 1188 2975 N'.
1300 2936 1314 2958 ⁶
1345 2938 1436 2975 -tus
1458 2936 1515 2977 M.
1620 2936 1635 2959 ⁷
1667 2938 1907 2977 deuertens
1928 2938 1988 2977 M.

2047 587 2140 633 1285
2158 600 2193 624 a.
