2240 3444
401 143 472 192 84
503 124 505 127 ¹
862 139 1127 193 Historia
1166 140 1556 193 Ecclesiccstiecc
1821 149 1927 202 [Lm.
1953 155 2005 193 11.

398 306 518 337 rum
555 287 874 338 fortissimus
899 287 1190 338 Aedilfrid1
1219 288 1433 337 collecto
1467 288 1649 351 grandi
1683 289 1910 338 exercitu
1944 290 2007 338 ad

400 373 667 422 ciuitatem
706 373 1012 436 Legionum,
1057 389 1189 435 quae
1230 389 1259 420 a
1302 375 1459 434 gente
1507 372 1805 435 Anglorum
1855 373 2009 436 Lega-

399 454 632 517 caestir2,
664 473 692 504 a
717 455 1059 504 Brettonibus
1093 458 1269 503 autem
1307 455 1497 503 rectius
1532 455 1805 518 Carlegion
1842 455 2009 517 appel-

398 538 548 601 latur,
572 539 858 587 maximam
877 539 1048 602 gentis
1067 538 1294 600 perfidae
1312 541 1539 601 stragem
1565 538 1723 586 dedit.
1773 538 2010 601 Cumque

397 623 598 671 bellum
635 625 843 671 acturus
880 622 1084 670 uideret
1123 623 1410 670 sacerdotes
1448 638 1642 683 eorum,
1676 621 1766 684 qui
1801 622 1863 670 ad
1898 639 2009 670 exo-

397 706 624 753 randum
674 705 878 753 Deum3
918 721 1013 767 pro
1061 705 1233 753 milite
1282 704 1483 753 bellum
1531 707 1717 767 agente
1757 721 2009 752 conuene-

397 790 531 850 rant,
565 805 801 837 seorsum
839 788 895 836 in
925 790 1119 836 tutiore
1152 788 1264 836 loco
1301 788 1598 850 consistere,
1631 787 2001 848 sciscitabatur,

399 873 489 935 qui
523 874 694 920 essent
728 872 797 932 hi,
831 871 1024 934 quidue
1057 871 1224 920 acturi
1257 872 1350 919 illo
1377 872 1762 920 conuenissent.
1841 872 2008 920 Erant

399 958 575 1004 autem
614 955 830 1018 plurimi
866 972 1048 1003 eorum
1081 956 1145 1003 de
1182 955 1499 1003 monasterio
1527 955 1777 1016 Bancor4,
1809 954 1865 1003 in
1904 972 2007 1018 quo

396 1041 578 1087 tantus
603 1039 770 1087 fertur
801 1039 963 1087 fuisse
993 1055 1246 1087 numerus
1273 1038 1665 1100 monachorum,
1698 1040 1770 1096 ut,
1803 1056 1923 1086 curn
1948 1038 2006 1086 in

397 1122 509 1171 VII
551 1123 818 1185 portiones
865 1124 1000 1170 esset
1042 1139 1169 1170 rcum
1217 1121 1528 1185 praepositis
1577 1122 1677 1170 sibi
1718 1122 2006 1171 rectoribus

397 1207 781 1254 monasterium
803 1206 1048 1267 diuisum,
1072 1206 1220 1254 nulla
1245 1206 1433 1254 harum
1458 1206 1628 1268 portio
1647 1206 1825 1254 minus
1846 1223 2006 1268 quam

396 1289 585 1339 Coctos
610 1290 852 1338 homines
879 1290 1106 1350 haberet,
1139 1290 1228 1352 qui
1251 1306 1433 1338 omnes
1460 1290 1523 1338 de
1548 1290 1723 1338 labore
1748 1306 2006 1338 manuum

395 1390 614 1421 suarum
663 1374 843 1421 uiuere
897 1373 1147 1421 solebant.
1240 1373 1452 1421 Horum
1502 1390 1624 1436 ergo
1678 1372 1895 1435 plurimi
1942 1372 2006 1421 ad

395 1459 742 1505 memoratam
769 1456 946 1517 aciem,
979 1460 1185 1519 peracto
1212 1456 1408 1504 ieiunio
1442 1457 1697 1518 triduano,
1736 1473 1855 1504 cum
1892 1457 2008 1506 aliis

394 1541 578 1589 orandi
598 1558 748 1589 causa
768 1543 1136 1601 conuenerant,
1163 1540 1414 1588 habentes
1440 1540 1766 1589 defensorem
1793 1540 2007 1588 nomine

394 1625 768 1686 Brocmailum,
801 1624 893 1686 qui
930 1641 1016 1672 eos
1054 1624 1287 1672 intentos
1324 1623 1566 1686 precibus
1602 1640 1631 1671 a
1668 1623 2007 1672 barbarorum

395 1709 582 1773 gladiis
626 1710 918 1771 protegeret
935 1708 965 1756 5.
1046 1708 1281 1769 Quorum
1325 1724 1534 1755 causam
1583 1707 1843 1756 aduentus
1885 1724 2007 1755 cum

394 1793 740 1840 Intellexisset
765 1809 854 1840 rex
874 1791 1120 1839 AEdilfrid
1137 1792 1166 1851 ⁶,
1190 1791 1261 1839 ait
1284 1809 1295 1839 ε
1339 1791 1506 1853 ‘Ergo
1533 1790 1576 1838 si
1603 1791 1883 1839 aduersum
1909 1807 2007 1839 nos

393 1876 456 1923 ad
501 1876 675 1923 Deum
719 1892 877 1923 suum
926 1875 1171 1935 clamant,
1216 1874 1449 1937 profecto
1499 1877 1550 1922 et
1600 1874 1715 1937 ipsi,
1762 1873 2005 1937 quamuis

393 1975 539 2006 arma
566 1976 673 2006 non
699 1959 883 2019 ferant,
918 1959 1097 2006 contra
1122 1975 1219 2005 nos
1243 1960 1498 2019 pugnant,
1531 1958 1623 2020 qui
1649 1957 1884 2005 aduersis
1909 1972 2006 2003 nos

394 2040 836 2102 inprecationibus
862 2040 1288 2103 persequuntur.'
1355 2040 1543 2102 Itaque
1568 2040 1624 2087 in
1650 2041 1746 2088 hos
1771 2039 2004 2102 primum

394 2139 538 2171 arma
563 2124 700 2171 uerti
725 2123 884 2184 iubet,
906 2126 957 2171 et
984 2124 1056 2171 sic
1083 2126 1277 2171 ceteras
1304 2123 1558 2171 nefandae
1584 2123 1805 2170 militiae
1832 2121 2004 2184 copias

396 2224 504 2254 non
550 2207 664 2254 sine
712 2224 903 2269 magno
948 2207 1206 2255 exercitus
1256 2207 1338 2255 sui
1382 2207 1575 2255 damno
1620 2206 1830 2254 deleuit.
1906 2206 2004 2253 Ex-

395 2291 616 2339 stinctos
653 2291 708 2338 in
746 2308 803 2339 ea
840 2308 1015 2354 pugna
1050 2291 1230 2339 ferunt
1269 2291 1332 2338 de
1376 2291 1470 2352 his.v
1515 2290 1606 2353 qui
1642 2291 1706 2338 ad
1745 2289 2002 2338 orandum

394 2375 662 2434 uenerant,
704 2374 844 2421 uiros
882 2374 1085 2421 circiter
1123 2374 1271 2422 mille
1310 2374 1468 2433 COssOS,
1512 2377 1563 2421 et
1597 2373 1768 2421 solum
1804 2373 1845 2419 L
1880 2374 2003 2435 fuga

395 2473 504 2505 esse
529 2457 714 2519 lapsos.
790 2457 1053 2505 Brocmail
1079 2458 1142 2504 ad
1176 2457 1410 2519 primum
1446 2457 1679 2505 hostium
1713 2457 2002 2504 aduentum

394 2557 514 2588 cum
552 2540 660 2588 suis
694 2543 839 2604 terga
871 2543 1096 2601 uertens,
1129 2558 1229 2597 eos,
1262 2557 1391 2602 quos
1426 2541 1703 2588 defendere
1731 2540 1994 2599 debuerat,

392 2625 620 2672 inermes
646 2641 702 2672 ac
731 2625 900 2673 nudos
925 2624 1238 2672 ferientibus
1264 2625 1449 2687 gladiis
1475 2625 1703 2687 reliquit.
1782 2624 1970 2686 Sicque
1988 2625 2004 2649 ⁷

393 2709 697 2770 conpletum
728 2710 807 2757 est
840 2709 1167 2771 praesagium
1205 2708 1371 2755 sancti
1404 2708 1668 2770 pontificis
1692 2707 1995 2770 Augustini,

394 2792 637 2853 quamuis
686 2792 796 2854 ipso
840 2794 944 2840 iam
994 2792 1164 2839 multo
1213 2794 1334 2839 ante
1376 2794 1611 2853 tempore
1655 2792 1717 2839 ad
1763 2790 2000 2839 caelestia

395 2892 554 2936 regna
597 2875 816 2936 sublatO,
859 2878 919 2923 ut
964 2875 1121 2923 etiam
1161 2875 1467 2937 temporalis
1510 2875 1757 2922 interitus
1801 2874 2000 2922 ultione

449 3037 459 3059 ’-
493 3039 555 3076 sic
585 3038 666 3085 13¹3
697 3038 919 3078 aeoelfred
952 3037 1034 3087 B23
1067 3038 1269 3078 aeoilfrio
1302 3040 1346 3077 C.
1568 3038 1581 3059 ²
1608 3040 1671 3077 sic
1703 3038 1787 3086 B¹;
1818 3040 1907 3077 —ter
1939 3039 1999 3087 C;

393 3104 691 3154 Legaecaester
712 3105 777 3145 132.
1014 3105 1028 3126 ³
1059 3105 1294 3143 dominum
1318 3105 1375 3143 M.
1399 3105 1472 3153 Hl.
1720 3104 1734 3126 4
1764 3106 1930 3143 boncor
1951 3106 1998 3144 C.

392 3169 406 3192 ⁵
439 3172 553 3208 -rent
577 3171 635 3208 M.
986 3169 999 3192 ⁶
1029 3171 1230 3210 aebilfrib
1256 3172 1286 3210 C
1307 3185 1315 3219 ;
1347 3171 1559 3210 aedilfrid
1581 3170 1630 3209 131
1654 3185 1663 3220 ;
1695 3170 1910 3210 aeoilfred
1932 3171 1997 3210 13³.

391 3234 406 3256 ⁷
436 3248 522 3286 que
542 3249 615 3276 om.
638 3236 696 3276 M.
