2240 3444
388 111 493 161 106
845 108 1114 162 Historia
1152 107 1542 162 Ecclesiastica
1797 119 1906 172 [Lm.
1929 122 1985 162 11.

382 257 646 315 succende,·
686 257 923 317 quatinus
964 260 1123 305 amoto
1161 260 1345 317 torpore
1371 257 1775 317 perniciosissimi
1810 257 1979 317 cultus,

386 341 588 388 diuinae
619 339 742 400 fidei
778 341 912 388 calor
947 341 1051 388 eius
1086 340 1459 400 intellegentiam
1490 338 1722 388 tuarum¹
1759 341 1983 389 adhorta-

384 424 574 471 tionum
599 423 987 484 frequentatione
1022 423 1291 483 succendat,
1321 427 1377 470 ut
1401 424 1616 484 profecto
1651 438 1814 472 sacrae
1841 425 1986 484 scrip-

384 510 522 555 turae
548 508 874 556 testimonium
895 521 988 567 per
1011 510 1052 554 te
1078 507 1311 566 expletum
1336 507 1669 555 indubitanter
1679 508 1952 567 perclareat
1972 524 1987 554 .·

390 590 708 639 ‘Saluabitur
735 591 820 638 uir
855 590 1071 650 infidelis
1095 605 1188 650 per
1214 590 1461 637 mulierem
1485 590 1719 650 fidelem.'
1790 589 1878 637 Ad
1902 591 1988 639 lioc
2019 606 2033 628 1
2055 594 2143 630 001¹·
2162 592 2231 630 vii.

384 675 513 721 enim
561 674 938 723 misericordiam
979 674 1250 721 dominicae
1286 674 1488 733 pietatis
1526 677 1776 722 consecuta
1826 689 1885 733 es,
1931 644 2143 723 ut14’16'

371 758 600 818 fructum
628 758 747 817 fidei
787 757 1164 816 creditorumque
1214 757 1301 804 tibi
1340 757 1677 816 beneficiorum
1715 758 1990 805 Redemtori

384 846 465 889 tuo
512 842 825 901 multiplicem
871 841 1152 900 resiynares.
1234 839 1370 900 Quod
1417 840 1645 900 equidem,
1689 839 1991 901 suffrayante

372 925 622 985 praesidio
665 925 979 985 beniynitatis
1019 924 1186 984 ipsius,
1229 927 1285 971 ut
1326 924 1506 984 explere
1546 924 1726 984 ualeas,
1769 925 1992 974 adsiduis

382 1023 479 1056 non
504 1008 781 1055 desistimus
793 1007 1022 1067 precibus
1036 1007 1299 1066 postulare.

452 1091 554 1139 His
601 1106 705 1151 erqo
747 1090 1034 1150 praemissis
1048 1088 1078 1150 2,
1134 1093 1372 1150 paternae
1418 1090 1559 1138 uobis
1606 1090 1875 1138 dilectionis
1921 1105 1992 1139 ea‘-

383 1175 594 1223 hibentes
639 1175 808 1234 officia,
862 1174 1124 1234 hortamur,
1172 1177 1230 1221 ut
1274 1189 1362 1222 nos
1407 1178 1594 1235 reperta
1635 1175 1884 1235 portitoris
1924 1190 1992 1223 oc-

385 1259 573 1306 casione
599 1258 654 1306 de
678 1258 765 1318 liis,
796 1272 917 1317 quae
929 1271 1022 1317 per
1043 1272 1130 1304 uos
1153 1272 1362 1317 superna
1376 1258 1597 1317 potentia
1625 1259 1916 1306 mirabiliter
1936 1259 1990 1306 in

384 1341 768 1389 conuersatione3
813 1341 1031 1401 coniugiis
1065 1342 1218 1388 uestri
1253 1342 1627 1401 summissaeque
1661 1342 1799 1389 uobis
1832 1343 1989 1402 yentis

383 1426 616 1486 diynatus
646 1424 806 1484 fuerit
846 1424 1047 1484 operari,
1085 1425 1332 1484 prosperis
1373 1425 1657 1484 quantocius
1692 1425 1887 1473 nuntiis
1924 1439 1990 1472 re·

384 1508 595 1568 leuetis4,
627 1508 861 1568 quatinus
889 1508 1159 1555 sollicitudo
1190 1511 1366 1567 nostra,
1397 1522 1517 1568 quae
1553 1508 1608 1555 de
1638 1509 1788 1555 uestri
1816 1512 1989 1556 uestro-

381 1606 584 1652 rumque
645 1593 863 1639 omnium
911 1592 1107 1639 animae
1153 1592 1308 1639 salute
1366 1592 1601 1651 optabilia
1661 1591 1991 1639 desideranter

383 1679 626 1736 exspectat,
652 1676 792 1723 uobis
810 1675 826 1699 5
844 1676 1192 1723 nuntiantibus
1209 1676 1444 1723 releuetur
1459 1673 1490 1736 4,
1515 1676 1992 1735 inlustrationemque

387 1759 586 1806 diuinae
608 1759 975 1819 propitiationis
1009 1760 1064 1806 in
1094 1759 1234 1807 uobis
1267 1758 1506 1817 diffusam
1542 1759 1814 1818 opulentius
1850 1774 1991 1820 ayno·

385 1846 574 1902 scentes,
608 1843 758 1890 hilari
789 1843 1078 1903 confessione
1112 1843 1330 1903 laiyitori
1360 1843 1579 1889 omnium
1610 1842 1838 1889 bonorum
1868 1843 1985 1901 De0,

386 1928 429 1973 et
467 1926 598 1973 beato
632 1926 772 1974 Petro
806 1926 1128 1987 apostolorum
1152 1926 1372 1986 principi
1405 1925 1569 1973 uberes
1606 1926 1772 1973 merito
1801 1926 1993 1986 qratias

386 2009 704 2057 exsoluamus.

455 2092 710 2140 Praeterea
758 2093 1122 2142 benedictionem
1157 2093 1441 2153 protectoris
1486 2093 1637 2141 uestri
1685 2093 1809 2141 beati
1858 2092 1993 2141 Petri

387 2176 705 2235 apostolorum
741 2177 985 2236 principis
1030 2177 1169 2224 uobis
1216 2175 1492 2235 direximus,
1537 2176 1590 2222 id
1636 2179 1704 2223 est
1749 2177 1993 2236 speculum

389 2262 681 2320 arqenteum,
743 2264 786 2307 et
834 2260 1107 2320 pectinem6
1166 2258 1413 2308 eboreum⁷
1473 2260 1796 2317 inauratum,·
1868 2259 1995 2319 quod

378 2342 605 2402 petimus,
637 2345 692 2389 ut
718 2357 767 2390 eo
806 2343 1118 2403 beniynitatis
1153 2344 1318 2391 animo
1348 2343 1506 2403 yloria
1540 2346 1705 2391 uestra
1739 2343 1986 2403 suscipiat,

388 2440 478 2486 quo
503 2441 535 2474 a
559 2426 697 2473 nobis
719 2427 935 2474 noscitur
959 2426 1267 2475 destinatum.

1027 2545 1181 2594 CAP.
1213 2544 1342 2593 XII.

512 2645 559 2680 Ut
577 2645 756 2681 Aecluini
772 2640 786 2662 ⁸
798 2655 869 2689 per
890 2644 1084 2680 visionem
1105 2646 1303 2688 quondam
1323 2644 1399 2680 sibi
1418 2645 1522 2680 exuli
1541 2646 1732 2680 ostensam
1753 2645 1802 2680 sit
1823 2645 1876 2680 ad

947 2712 1178 2747 credendum
1190 2713 1438 2755 prouocatus.

101 2806 344 2864 Mystqrious
458 2796 616 2844 HAEC
647 2795 861 2858 quidem
891 2796 1212 2843 memoratus
1241 2811 1372 2857 papa
1407 2794 1705 2843 Bonifatius
1738 2795 1801 2843 de
1827 2794 1992 2842 salute

99 2868 339 2901 expemenee
389 2879 526 2942 regis
551 2879 782 2927 Aeduini
800 2878 815 2902 ⁹
841 2895 897 2926 ac
923 2878 1094 2941 gentis
1127 2877 1291 2940 ipsius
1320 2877 1509 2925 litteris
1534 2879 1731 2941 agebat.
1809 2878 1909 2926 Sed
1940 2879 1990 2925 et

445 3000 457 3022 ¹
501 3002 684 3039 tuorum
706 3000 764 3039 M.
788 3000 832 3039 C.
856 3000 922 3039 13¹.
1028 2998 1042 3021 2
1071 2999 1219 3038 -misis
1241 2996 1315 3039 Ml.
1418 2997 1432 3019 ³
1464 3000 1756 3038 conuersione
1778 2999 1822 3038 O.
1846 2996 1912 3038 B2.
1934 2999 1988 3037 D.

388 3067 401 3088 ‘²
435 3066 655 3116 reueletis,
682 3068 775 3104 -tur
796 3066 841 3105 O.
860 3066 937 3117 HI.
962 3066 1016 3105 D.
1093 3066 1108 3089 ⁵
1138 3066 1267 3105 nobis
1284 3066 1342 3106 M.
1420 3063 1434 3086 ⁶
1466 3067 1642 3115 pectine
1665 3066 1722 3104 M.
1747 3066 1807 3111 O;
1839 3069 1988 3103 obscure

390 3136 434 3171 in
451 3133 501 3172 B.
590 3129 602 3151 ⁷
635 3132 883 3170 eburneum
901 3130 972 3171 M2.
991 3130 1058 3170 ΒΞ.
1147 3131 1162 3154 ⁸
1194 3132 1352 3170 eduini
1370 3132 1406 3170 B
1429 3144 1438 3180 ;
1459 3131 1617 3170 ediuni
1635 3132 1674 3170 N
1697 3145 1706 3179 3
1726 3131 1924 3170 eduuine
1943 3129 1987 3169 C.

387 3200 402 3220 ⁹
432 3197 588 3237 eduini
611 3198 655 3236 O.
671 3198 719 3237 B.
