2240 3444
82 876 166 910 and
183 876 343 911 British

83 926 240 969 Clergy.

82 1292 267 1328 Mellitus

80 1353 173 1386 goes
190 1344 234 1377 to

82 1393 218 1428 Rome.

377 126 446 176 88
494 127 496 129 ’
834 122 1099 176 Historia
1137 122 1194 174 E
1195 121 1527 175 eclesiastica
1786 130 1895 182 [Lm.
1919 132 1973 170 11.

371 276 634 335 BrettoneS,
677 275 859 324 Scottos
894 275 1111 321 meliores
1141 273 1451 333 pictazcimus.
1524 271 1710 320 Scottos
1743 285 1858 318 uero
1885 284 1981 330 per

371 360 642 420 Daycmum
661 360 930 420 episcopum
948 359 1003 405 in
1020 358 1159 417 hanc,
1177 371 1325 416 quam
1343 357 1565 416 superius
1582 356 1972 414 mcmorauimus,

371 443 601 503 insulam,
645 446 690 490 ct
728 442 1085 491 Columbcmmn
1123 441 1343 487 abbatem
1380 441 1435 487 in
1480 438 1669 488 Gallis1
1705 439 1980 486 uenientem

371 527 500 574 nihil
546 527 811 587 discrepare
859 541 890 573 α
935 525 1250 572 Brettonibics
1296 524 1350 571 ἑη
1397 537 1562 571 coram
1620 523 1979 570 conuersatione

373 609 644 658 didicimus.
721 609 857 657 Nam
880 610 1127 669 Dayamcs
1159 608 1403 668 episcopus
1428 607 1491 654 acl
1521 621 1612 654 2208
1634 607 1849 665 ueniens,
1879 620 1980 653 non

372 693 528 740 solum
570 694 728 740 cibum
769 692 1032 750 nobiscum,
1076 691 1159 738 5·ch
1203 705 1288 738 ozcc
1335 691 1390 737 in
1430 690 1588 738 eodem
1629 690 1846 749 hospitio,
1886 704 1979 749 quo

372 777 692 836 iccsccbcmmr,
718 789 903 823 sunierc
927 775 1096 821 uoluit.

441 859 587 907 Misit
624 858 764 906 idem
795 857 1112 906 Laurentius
1149 873 1270 903 cum
1304 853 1650 919 coepiscopis²
1680 855 1789 903 suis
1819 854 1978 903 etiam

373 943 691 991 Brettonum
718 940 1071 989 sacerdotibus
1095 939 1297 987 litteras
1324 956 1417 987 suo
1435 940 1450 964 3
1469 939 1651 1002 gradui
1672 939 1972 1001 condignas,

374 1025 564 1088 quibus
590 1041 677 1072 eos
701 1024 758 1072 in
783 1024 984 1072 unitate
1009 1023 1259 1071 catholica
1285 1022 1592 1071 confirmare
1616 1022 1817 1085 satagit.
1877 1021 1978 1070 Sed

375 1111 633 1171 quantum
659 1109 785 1155 haec
811 1107 1010 1170 agendo
1035 1106 1326 1170 profecerit,
1349 1107 1519 1155 adhuc
1543 1106 1834 1169 praesentia
1853 1107 1981 1153 tem-

373 1209 497 1255 pora
524 1191 801 1239 declarant.

444 1275 547 1323 His
571 1259 900 1337 temporibus
933 1273 1081 1322 uenit
1108 1274 1342 1322 Mellitus
1368 1273 1676 1321 Lundoniae
1710 1272 1980 1335 episcopus

374 1359 610 1419 Romam,
651 1358 714 1405 de
750 1357 1056 1405 necessariis
1093 1357 1336 1405 ecclesiae
1374 1357 1673 1419 Anglorum
1711 1373 1832 1404 cum
1867 1372 1979 1418 apo-

374 1441 558 1490 stolico
584 1458 714 1503 papa
742 1440 1009 1489 Bonifatio
1034 1442 1362 1489 tractaturus.
1441 1441 1510 1488 Et
1536 1457 1657 1488 cum
1681 1440 1821 1487 idem
1846 1455 1980 1502 papa

373 1524 832 1573 reuerentissimus
858 1526 1062 1586 cogeret
1096 1525 1358 1587 synodum
1386 1523 1746 1586 episcoporum
1772 1522 1974 1584 Italiae,

373 1609 436 1656 de
484 1608 593 1656 uita
642 1608 1023 1656 monachorum
1067 1610 1119 1655 et
1169 1607 1342 1670 quiete
1385 1607 1732 1667 ordinaturus,
1779 1609 1829 1654 et
1870 1606 1981 1669 ipse

373 1692 609 1740 Mellitus
646 1692 785 1740 inter
821 1708 907 1739 eos
944 1691 1144 1740 adsedit
1183 1709 1320 1739 anno
1350 1691 1493 1739 VIII
1530 1690 1740 1753 imperii
1777 1690 1981 1739 Focatis

372 1776 635 1838 principis,
701 1775 987 1823 indictione
1035 1775 1219 1836 XHP,
1269 1775 1430 1823 tertio
1490 1775 1572 1822 die
1621 1774 1980 1823 Kalendarum

374 1859 713 1920 Martiarum;
752 1862 811 1907 ut
850 1876 1082 1921 quaeque
1120 1861 1266 1907 erant
1304 1858 1609 1921 regulariter
1639 1858 1852 1919 decreta,
1884 1874 1979 1906 sua

374 1960 578 2006 quoque
611 1943 918 1991 auctoritate
956 1942 1290 1990 subscribens
1328 1942 1671 2002 confirmaret,
1702 1958 1759 1989 ac
1790 1941 1980 1989 Britta-

374 2026 519 2074 niam
553 2024 559 2091 Ι
592 2026 799 2074 rediens
836 2027 1045 2073 secum4
1077 2026 1378 2088 Anglorum
1416 2024 1644 2073 ecclesiis
1680 2025 1979 2073 mandanda

373 2112 529 2172 atque
566 2109 923 2166 obseruanda⁵
959 2109 1193 2170 deferret,
1229 2126 1336 2157 una
1373 2125 1494 2157 cum
1545 2108 1798 2171 epistulis,
1853 2125 1980 2171 quas

373 2192 514 2240 idem
551 2193 788 2255 pontifex
821 2193 931 2241 Deo
970 2193 1160 2241 dilecto
1199 2192 1583 2254 archiepiscopo
1609 2192 1893 2240 Laurentio
1927 2195 1979 2240 et

374 2276 509 2323 clero
558 2276 818 2337 uniuerso,
869 2276 1115 2324 similiter
1164 2278 1214 2323 et
1262 2275 1627 2323 Aedilbercto6
1670 2275 1779 2337 regi
1826 2277 1981 2337 atque

373 2359 519 2422 genti
551 2360 847 2422 Anglorum
887 2359 1090 2408 direxit.
1167 2359 1270 2406 Hic
1309 2361 1387 2406 est
1418 2358 1729 2420 Bonifatius,
1762 2360 1980 2421 quartus

373 2460 402 2491 a
444 2444 595 2491 beato
635 2443 885 2505 Gregorio
925 2443 1191 2491 Romanae
1232 2442 1373 2490 urbis
1410 2442 1661 2505 episcopo,
1707 2442 1798 2504 qui
1839 2442 1980 2504 inpe-

374 2526 534 2574 trauit
551 2543 579 2573 a
595 2526 780 2574 Focate
799 2525 1031 2588 principe
1050 2525 1229 2574 donari
1249 2526 1487 2573 ecclesiae
1508 2525 1706 2574 Christi
1720 2525 1979 2587 templum

376 2611 584 2669 Romae,
628 2610 765 2672 quod
810 2609 1087 2657 Pantheon
1124 2609 1405 2657 uocabatur
1442 2609 1506 2656 ab
1544 2608 1788 2671 antiquis,
1832 2608 1981 2670 quasi

374 2693 715 2741 simulacrum
741 2695 874 2741 esset
900 2694 1141 2741 omnium
1168 2695 1384 2741 deorum
1407 2711 1417 2754 ;
1454 2693 1511 2740 in
1539 2710 1640 2755 quo
1660 2692 1784 2754 ipse,
1816 2692 1980 2740 elimi-

374 2780 495 2825 nata
533 2777 678 2824 omni
716 2777 974 2839 spurcitia,
1006 2776 1126 2824 fecit
1161 2776 1431 2824 ecclesiam
1459 2778 1664 2823 sanctae
1695 2775 1792 2823 Dei
1827 2791 1977 2838 gene-

374 2859 517 2907 tricis
558 2863 714 2922 atque
750 2859 989 2908 omnium
1035 2860 1331 2922 martyrum
1374 2858 1602 2919 Christi3
1660 2861 1730 2919 ut,
1774 2859 1980 2908 exclusa

375 2943 717 2991 multitudine
754 2944 1084 3004 daemonum,
1115 2941 1403 2990 multitudo
1437 2941 1511 2988 ibi
1542 2944 1840 2990 sanctorum
1873 2958 1979 2990 me-

375 3026 597 3074 moriam
621 3026 848 3075 haberet.

430 3148 443 3170 ¹
475 3150 624 3199 galliis
645 3151 690 3190 C.
713 3150 785 3190 ΜΞ.
956 3149 970 3172 ²
1000 3163 1067 3190 eo·
1088 3152 1252 3189 inserted
1271 3153 1382 3187 abore
1404 3152 1554 3188 ilie-linc
1576 3150 1632 3188 M.
1783 3148 1798 3171 ³
1827 3151 1897 3188 sui
1918 3149 1978 3189 M.

376 3213 389 3235 4
420 3215 668 3254 secundum
693 3216 784 3265 Hst.
926 3216 940 3239 ⁵
971 3216 1193 3255 seruanda
1215 3215 1273 3255 M.
1296 3215 1371 3264 Hl.
1515 3216 1530 3238 ὓ
1559 3214 1837 3254 aebilberhto
1859 3215 1905 3254 C.

2010 2028 2037 2064 f.
2058 2040 2102 2076 30
2120 2030 2156 2065 b.
