2240 3444
30 1394 54 1429 f.
80 1395 170 1437 151».

285 179 382 217 Cap,
405 177 483 215 XX
490 176 522 213 V
529 173 560 226 .]
787 164 978 218 Gentis
1019 164 1357 233 Awylorum.
1799 169 1867 218 45

284 310 373 372 qui
407 311 472 359 ad
516 311 803 360 confinium
843 327 1006 372 usque
1045 309 1318 358 Humbrae
1357 311 1593 359 fluminis
1633 312 1864 373 maximi,

283 410 384 454 quo
433 394 707 442 meridiani
756 396 806 441 et
858 392 1285 454 septentrionales
1331 394 1629 456 Anglorum
1691 395 1869 457 populi

281 476 613 536 dirimuntur,
659 476 790 523 fines
829 475 1035 537 imperii
1077 476 1379 524 tetenderat.
1453 476 1549 524 Est
1586 479 1762 524 autem
1806 478 1868 525 ad

280 559 584 607 orientalem
605 558 814 607 Cantiae
839 558 1045 620 plagam
1066 558 1290 605 Tanatos
1315 557 1488 606 insula
1513 575 1620 606 non
1647 559 1863 620 modica,

278 641 330 688 id
358 643 435 688 est
459 639 840 703 magnitudinis
865 640 1010 687 iuxta
1034 640 1466 688 consuetudinem
1491 641 1870 690 aestimationis

279 724 590 786 Anglorum,
621 722 940 771 familiarum
967 723 1160 783 Dorum,
1187 740 1343 784 quam
1368 740 1396 771 a
1421 723 1714 772 continenti
1737 727 1872 772 terra

279 806 499 854 secernit
523 806 717 853 fluuius
744 806 1043 854 Uantsumu
1061 804 1090 866 ¹,
1123 805 1213 868 qui
1238 808 1316 853 est
1350 805 1645 854 latitudinis
1670 807 1873 854 circiter

278 888 439 936 trium
470 889 769 949 stadiorum,
800 892 852 937 et
882 889 1084 936 duobus
1117 891 1327 936 tantum
1358 888 1416 936 in
1450 889 1574 936 locis
1605 892 1682 937 est
1711 892 1869 937 trans-

277 971 514 1019 meabilis
535 990 546 1032 3
596 975 879 1033 utrumque
922 972 1063 1019 enim
1107 973 1259 1034 caput
1301 972 1567 1033 protendit
1608 972 1664 1019 in
1712 989 1868 1020 mare.

278 1053 345 1101 In
381 1054 475 1101 hac
513 1071 631 1116 ergo
675 1054 925 1116 adplicuit
963 1071 1145 1102 seruus
1180 1053 1397 1102 Domini
1431 1054 1776 1116 Augustinus,
1820 1057 1870 1103 et

278 1136 400 1184 socii
448 1136 570 1198 eius,
622 1138 738 1195 uiri,
793 1141 853 1185 ut
899 1137 1088 1197 ferunt,
1140 1136 1305 1184 ferme
1355 1136 1466 1185 XL.
1540 1138 1870 1198 Acceperunt

278 1222 466 1279 autem,
492 1221 836 1282 praecipiente
851 1220 1000 1268 beato
1021 1236 1152 1281 papa
1171 1219 1433 1281 Gregorio,
1459 1219 1523 1266 de
1541 1222 1696 1280 gente
1717 1219 1869 1267 Fran-

278 1318 455 1349 corum
480 1302 789 1364 interpretes
812 1321 822 1363 3
861 1305 912 1350 et
937 1302 1156 1349 mittens
1180 1302 1244 1349 ad
1270 1301 1669 1349 Aedilberctum
1684 1301 1700 1326 2
1726 1319 1866 1350 man-

278 1384 422 1432 dauit
442 1401 496 1432 se
528 1382 533 1449 1
566 1385 773 1433 uenisse
793 1386 855 1433 de
874 1386 1053 1445 Roma,
1084 1400 1140 1431 ac
1162 1384 1411 1431 nuntium
1430 1384 1565 1432 ferre
1590 1384 1864 1447 optimum,

277 1467 367 1529 qui
402 1467 502 1514 sibi
539 1468 1021 1529 obtemperantibus
1052 1470 1262 1515 aeterna
1295 1466 1351 1515 in
1386 1467 1540 1514 caelis
1575 1468 1773 1529 gaudia,
1817 1471 1868 1516 et

276 1566 496 1611 regnum
531 1551 644 1598 sine
680 1551 784 1598 fine
817 1567 938 1598 cum
963 1551 1074 1598 Deo
1107 1550 1230 1597 uiuo
1257 1551 1309 1597 et
1332 1566 1456 1597 uero
1488 1549 1727 1597 futurum
1756 1550 1868 1598 sine

277 1632 385 1680 ulla
409 1633 671 1681 dubietate
695 1633 1038 1695 promitteret.
1112 1633 1226 1693 Qui,
1250 1632 1374 1680 haec
1398 1632 1626 1693 audiens,
1656 1649 1868 1680 manere

275 1714 394 1762 illos
442 1715 498 1762 in
542 1732 611 1775 ea,
658 1733 816 1778 quam
849 1715 1096 1776 adierant,
1141 1715 1328 1772 insula,
1364 1716 1415 1762 et
1458 1715 1534 1762 eis
1581 1716 1866 1763 necessaria

278 1797 583 1859 ministrari,
638 1799 800 1846 donec
848 1798 1049 1846 uideret
1063 1798 1094 1858 3,
1150 1797 1274 1860 quid
1318 1797 1394 1845 eis
1440 1797 1645 1858 faceret,
1699 1798 1863 1846 iussit.

279 1879 414 1927 Nam
463 1883 513 1928 et
559 1884 710 1929 antea
755 1881 895 1929 fama
942 1882 1006 1929 ad
1058 1897 1179 1928 eum
1227 1880 1553 1929 Christianae
1600 1880 1869 1942 religionis

277 1965 594 2024 peruenerat,
626 1966 807 2025 utpote
833 1965 922 2026 qui
947 1967 999 2011 et
1023 1980 1240 2012 uxorem
1272 1963 1495 2010 habebat
1519 1963 1869 2011 Christianam

277 2045 340 2092 de
363 2047 517 2107 gente
543 2045 860 2094 Francorum
884 2046 1037 2109 regia,
1068 2045 1320 2093 uocabulo
1344 2045 1562 2094 Bercta4
1581 2063 1593 2106 ;
1631 2063 1788 2108 quam
1813 2064 1870 2094 ea

278 2128 578 2176 condicione
616 2145 645 2176 a
685 2129 987 2191 parentibus
1028 2132 1301 2191 acceperat,
1343 2131 1403 2178 ut
1445 2129 1608 2176 ritum
1650 2129 1772 2176 fidei
1812 2145 1869 2176 ac

276 2209 544 2272 religionis
577 2228 698 2259 suae
727 2228 848 2259 cum
881 2212 1133 2274 episcopo,
1166 2229 1322 2274 quem
1349 2211 1396 2259 ei
1424 2211 1716 2259 adiutorem
1746 2210 1871 2259 fidei

277 2292 538 2353 dederant,
570 2294 784 2342 nomine
809 2295 1121 2355 Liudhardo,
1146 2294 1461 2343 inuiolatum
1486 2310 1692 2342 seruare
1716 2293 1869 2341 licen-

276 2375 404 2423 tiam
430 2377 659 2425 haberet.

342 2459 470 2507 Post
495 2460 604 2507 dies
629 2477 747 2522 ergo
772 2459 920 2507 uenit
943 2460 1006 2508 ad
1031 2460 1259 2508 insulam
1289 2476 1394 2521 rex,
1425 2461 1476 2507 et
1508 2459 1740 2507 residens
1771 2459 1868 2507 sub

274 2541 408 2602 diuo,
454 2542 604 2590 iussit
640 2542 1001 2605 Augustinum
1036 2560 1155 2591 cum
1192 2543 1343 2591 sociis
1380 2543 1445 2591 ad
1478 2558 1633 2589 suum
1675 2541 1867 2589 ibidem

273 2624 516 2671 aduenire
552 2625 882 2687 colloquium.
960 2626 1177 2674 Cauerat
1213 2625 1356 2673 enim
1372 2625 1402 2686 5,
1444 2641 1511 2672 ne
1546 2624 1603 2672 in
1639 2624 1867 2686 aliquam

276 2707 490 2755 domum
515 2709 579 2756 ad
606 2725 660 2756 se
684 2708 971 2770 introirent,
998 2711 1171 2757 uetere
1196 2726 1322 2757 usus
1346 2707 1575 2771 augurio,
1601 2725 1666 2755 ne
1691 2723 1866 2769 super·

275 2792 436 2837 uentu
489 2807 597 2851 suo,
652 2790 824 2853 siquid
873 2791 1125 2839 malificae
1177 2792 1304 2839 artis
1361 2790 1678 2849 habuissent,
1745 2805 1867 2836 eum

274 2873 562 2934 superando
615 2873 921 2935 deciperent.
1011 2875 1086 2922 At
1132 2874 1211 2921 illi
1258 2891 1364 2921 non
1413 2872 1722 2932 daemonica,
1777 2872 1866 2919 sed

275 2953 453 3002 diuina
490 2955 682 3002 uirtute
713 2956 945 3017 praediti,
984 2955 1265 3004 ueniebant
1302 2971 1506 3003 crucem
1543 2972 1637 3017 pro
1673 2954 1866 3003 uexillo

329 3091 342 3113 ¹
372 3094 434 3131 sic
454 3093 511 3131 M.
533 3093 584 3132 N.
610 3093 662 3131 Β1
686 3107 695 3142 ;
724 3097 997 3133 uuantsernu
1018 3093 1099 3144 B23
1129 3097 1401 3134 uuantsamu
1423 3093 1470 3133 C.
1582 3092 1597 3114 2
1627 3094 1866 3133 -berictum

275 3159 313 3197 N
333 3172 343 3207 3
373 3158 691 3198 aeoilberctum
709 3159 761 3198 13³
777 3159 834 3209 (Ῥ)
855 3173 865 3208 ;
895 3161 1248 3200 aeoilberchtum
1272 3159 1317 3199 C.
1339 3172 1371 3199 v.
1394 3172 1427 3200 3.
1560 3157 1575 3180 ³
1603 3160 1771 3199 uiderit
1789 3159 1864 3199 M1.

273 3223 286 3244 ⁴
316 3224 500 3263 berchta
523 3224 567 3264 O.
709 3223 724 3247 ⁵
753 3227 905 3264 autem
927 3225 972 3265 C.

1900 1151 2125 1194 Reception

1900 1201 1953 1244 by
1968 1201 2108 1237 Ethel-

1899 1251 1991 1285 bert
2009 1250 2054 1285 of

1899 1300 2024 1336 Kent.
