2240 3444
342 113 450 164 250
796 112 861 165 Η
864 113 1061 168 istoria
1099 113 1494 167 Ecclesiastica
1739 120 1846 172 [Lm.
1875 123 1945 163 IV.

342 259 533 322 spiritu
562 262 766 324 reuixit,
798 279 855 311 ac
886 261 1133 325 residens,
1173 279 1266 311 sua
1298 261 1532 321 uulnera,
1572 262 1728 323 prout
1756 258 1942 322 potuit,

344 344 459 406 ipse
500 345 774 409 alligauit3
812 344 966 394 dein¹
1007 347 1273 394 modicum
1315 346 1592 408 requietus,
1641 343 1839 391 leuauit
1876 359 1944 403 se,

345 429 398 475 et
435 429 601 491 coepit
629 430 785 492 abire,
818 430 981 478 sicubi
1014 430 1225 491 amicos,
1271 430 1360 492 qui
1394 429 1475 477 sui
1508 444 1689 476 curam
1717 427 1944 489 agerent,

346 514 522 579 posset
547 512 799 563 inuenire.
878 513 1027 574 Quod
1066 514 1193 561 dum
1229 513 1431 573 faceret,
1475 511 1729 559 inuentus
1766 511 1857 571 est,
1900 511 1951 557 et

347 600 529 660 captus
571 614 600 645 a
635 597 764 645 uiris
806 597 1014 645 hostilis
1054 597 1325 657 exercitus,
1374 598 1425 644 et
1464 596 1528 644 ad
1567 594 1846 642 dominum
1883 593 1953 655 ip-

347 698 540 741 sorum,
581 680 829 728 comitem
871 680 1116 728 uidelicet
1151 679 1453 728 Aedilredi2
1489 678 1636 740 regis,
1680 677 1948 725 adductus.

350 767 403 813 A
428 781 530 827 quo
555 764 918 826 interrogatus,
951 763 1041 826 qui
1071 765 1218 825 esset,
1249 763 1430 811 timuit
1456 779 1510 810 se
1540 761 1767 809 militem
1793 760 1954 808 fuisse

352 848 629 909 confiteri3
690 848 945 896 rusticum
994 865 1049 896 se
1107 848 1282 910 potius
1336 850 1387 896 et
1445 862 1743 910 pauperem,
1799 847 1957 906 atque

353 949 547 981 uxoreo
572 932 785 980 uinculo
810 931 1133 994 conligatum
1152 931 1313 979 fuisse
1332 930 1602 993 respondit
1624 948 1634 990 3
1673 930 1725 977 et
1747 929 1960 991 propter

354 1017 556 1065 uictum
582 1014 844 1063 militibus
875 1014 1218 1062 adferendum
1250 1014 1307 1062 in
1341 1012 1730 1076 expeditionem
1760 1028 1816 1060 se
1841 1027 1962 1059 cum

355 1100 439 1149 sui
459 1101 475 1124 ³
500 1099 766 1147 similibus
790 1098 999 1146 uenisse
1024 1099 1246 1146 testatus
1275 1100 1368 1146 est.
1445 1099 1520 1146 At
1552 1096 1643 1144 ille
1676 1095 1964 1158 suscipiens

357 1201 492 1244 eum,
524 1200 700 1231 curam
733 1181 1044 1230 uulneribus
1081 1182 1221 1245 egit;
1259 1184 1311 1229 et
1350 1181 1440 1229 ubi
1476 1196 1744 1229 sanescere
1778 1178 1958 1240 coepit,

357 1271 519 1317 noctu
567 1284 703 1327 eum,
759 1283 826 1313 ne
873 1265 1144 1327 aufugeret
1163 1266 1193 1327 ⁴¹,
1249 1264 1442 1313 uinciri
1487 1265 1763 1327 praecepit.
1857 1262 1964 1310 Nec

358 1355 540 1401 tamen
565 1350 755 1398 uinciri
786 1348 991 1412 potuit;
1032 1366 1157 1397 nam
1189 1365 1326 1410 mox,
1359 1351 1418 1397 ut
1452 1348 1635 1408 abiere,
1667 1347 1758 1410 qui
1790 1346 1967 1394 uinxe-

361 1437 480 1484 rant
501 1435 530 1496 ⁵,
563 1435 743 1482 eadem
769 1433 879 1481 eius
906 1435 1030 1481 sunt
1055 1432 1270 1481 uincula
1294 1432 1477 1480 soluta.

433 1518 673 1568 Habebat
710 1517 855 1564 enim
890 1533 1201 1580 germanum
1237 1516 1468 1577 fratrem,
1508 1514 1591 1563 cui
1629 1531 1827 1563 nomen
1860 1515 1969 1561 erat

363 1605 567 1663 Tunna,
582 1601 948 1665 presbyterum
969 1602 1021 1648 et
1046 1600 1287 1648 abbatem
1307 1598 1640 1648 monasteriifi
1659 1599 1716 1646 in
1737 1598 1964 1659 ciuitate,

364 1704 497 1751 quae
534 1687 789 1734 hactenus
822 1685 885 1733 ab
919 1684 1030 1733 eius
1060 1684 1276 1732 nomine
1305 1682 1684 1733 Tunnacaestir
1712 1681 1972 1746 cognomi-

367 1774 525 1820 natur
546 1789 556 1832 3
602 1769 693 1832 qui
741 1786 861 1817 cum
911 1786 1034 1817 eum
1082 1768 1140 1816 in
1187 1785 1364 1831 pugna
1407 1770 1705 1831 peremtum
1752 1765 1969 1824 audiret,

366 1854 516 1903 uenit
554 1870 814 1917 quaerere,
859 1852 902 1900 si
938 1853 1075 1900 forte
1118 1869 1303 1915 corpus
1346 1853 1459 1901 eius
1498 1851 1739 1900 inuenire
1780 1850 1968 1913 posset,

370 1939 760 2000 inuentumque
786 1937 951 1985 alium
976 1937 1057 1984 illi
1077 1954 1170 1999 per
1189 1936 1367 1984 omnia
1392 1935 1742 1996 simillimum,
1768 1931 1976 1997 putauit

367 2021 543 2084 ipsum
588 2037 730 2081 esse3
780 2037 936 2082 quem
979 2021 1042 2068 ad
1091 2019 1471 2068 monasterium
1519 2036 1676 2068 suum
1723 2017 1972 2077 deferens,

372 2104 656 2155 honorifice
698 2103 954 2167 sepeliuit,
1004 2106 1055 2152 et
1102 2121 1197 2166 pro
1245 2103 1577 2152 absolutione
1618 2101 1826 2151 animae
1869 2100 1981 2148 eius

373 2189 550 2252 sepius
600 2189 786 2236 missas
835 2188 1001 2235 facere
1048 2187 1264 2237 curauit.
1344 2187 1580 2248 Quarum
1631 2184 1979 2234 celebratione

377 2273 603 2337 {factum
637 2274 728 2333 est,
761 2272 898 2335 quod
937 2271 1059 2332 dixi,
1091 2274 1151 2320 ut
1181 2271 1362 2320 nullus
1397 2288 1519 2319 eum
1556 2272 1731 2332 posset
1763 2269 1975 2328 uincire,
2009 2280 2037 2317 f.
2060 2282 2156 2316 88&

375 2356 503 2420 quin
554 2356 805 2403 continuo
847 2354 1149 2404 solueretur.
1226 2356 1437 2403 lnterea
1486 2370 1673 2414 comes,
1723 2351 1813 2415 qui
1861 2366 1983 2398 eum

375 2437 600 2498 tenebat,
633 2435 814 2483 mirari
840 2437 891 2482 et
915 2435 1234 2497 interrogare
1269 2434 1449 2497 coepit,
1483 2451 1639 2497 quare
1664 2432 1848 2496 ligari⁷
1875 2447 1984 2479 non

377 2523 565 2585 posset,
596 2537 663 2568 an
679 2519 694 2543 s
721 2519 854 2566 forte
880 2518 1082 2566 litteras
1107 2518 1396 2579 solutorias,
1423 2518 1487 2565 de
1513 2516 1755 2580 qualibus
1780 2515 1986 2563 fabulae

379 2606 573 2664 ferunt,
604 2603 741 2666 apud
768 2619 822 2650 se
841 2601 1071 2662 haberet,
1096 2604 1309 2664 propter
1328 2618 1457 2665 quas
1481 2601 1634 2665 ligari
1660 2617 1767 2649 non
1793 2600 1980 2662 posset.

381 2691 458 2738 At
494 2688 585 2736 ille
623 2685 892 2749 respondit
931 2685 1010 2733 nil
1049 2702 1104 2733 se
1142 2685 1332 2733 talium
1375 2686 1571 2733 artium
1608 2701 1797 2744 nosse;
1854 2682 1987 2731 ‘Sed

382 2772 548 2821 habeo
573 2771 826 2831 fratre1n‚’
845 2770 1033 2833 inquit,
1073 2770 1457 2833 ‘presbyterum
1482 2768 1540 2817 in
1559 2786 1676 2817 mea
1700 2766 1982 2830 prouincia,

385 2858 437 2903 et
461 2855 579 2916 scio,
616 2855 737 2917 quia
762 2855 852 2902 ille
878 2871 964 2902 me
988 2854 1326 2901 interfectum
1350 2855 1543 2915 putans
1573 2869 1664 2914 pro
1691 2868 1777 2899 me
1803 2850 1991 2898 missas

385 2940 590 2987 crebras
636 2939 795 2999 facit3
857 2940 908 2986 et
966 2938 1011 2986 si
1060 2954 1201 2985 nunc
1256 2937 1313 2985 in
1365 2936 1466 2985 alia
1512 2936 1624 2984 uita
1680 2951 1863 2995 essem,
1917 2932 1992 2981 ibi

444 3082 457 3104 ¹
488 3082 651 3121 deinde
673 3082 727 3120 N.
926 3079 940 3100 ²
969 3079 1102 3118 aebil-
1125 3079 1171 3118 C.
1381 3080 1395 3100 ³
1426 3080 1519 3117 suis
1537 3079 1569 3117 C
1769 3076 1783 3099 ⁴
1814 3077 1896 3116 -rit
1918 3076 1992 3115 Μ’.

387 3151 402 3173 ⁵
432 3150 672 3188 uincerant
693 3148 769 3187 M¹.
791 3148 840 3185 Β1
864 3161 873 3196 ;
903 3148 1162 3186 uincierant
1185 3146 1231 3185 C.
1254 3146 1308 3186 N.
1331 3144 1401 3184 132.
1506 3145 1521 3168 ⁶
1550 3145 1608 3182 —ri
1629 3143 1708 3184 M1.
1884 3141 1899 3164 ⁷
1928 3154 1994 3181 -re

391 3220 467 3260 M¹.
636 3217 650 3239 ⁸
679 3231 729 3257 ac
751 3217 825 3257 Μ’.
