2240 3444
13 679 143 714 '11b.

17 1341 49 1376 b.
74 1342 95 1386 ἕ
118 1351 169 1376 12.

14 2752 85 2787 :12
102 2763 137 2788 a.

804 206 1026 254 auctore
1058 203 1262 255 Baedu.
1713 213 1809 262 371

244 345 443 405 poterat
480 343 723 404 laborem,
762 347 897 393 socia
933 346 1282 394 dilectissimi¹
1315 350 1682 398 commilitonis
1722 355 1817 400 uir-

244 427 358 472 tute
390 425 560 474 leuius
584 428 749 475 ferret.
829 428 934 476 Nec
969 429 1032 475 ab
1069 446 1121 475 ro
1158 430 1393 477 uideatur
1430 432 1662 492 cuiquam
1703 437 1820 480 dnos

243 523 399 555 unum
430 511 776 557 ‘monasterium
805 509 963 557 simul
993 511 1222 558 habuisse
1254 510 1474 559 abbatos.
1554 514 1685 561 Fecit
1725 516 1817 561 hm·

244 591 490 653 frequens
517 592 660 640 illius
684 610 773 655 pro
797 597 1076 641 monasterii
1106 595 1328 642 utilitate
1354 597 1608 656 profectio,
1648 599 1820 644 ‹·1·‹·}›‹·1·

243 676 389 721 trans
422 675 427 736 Ι
460 690 709 722 oceanum
735 676 1336 738 aegressusincertusque
1356 694 1621 738 regressus.
1689 680 1818 726 Nam

244 759 295 804 et
332 757 694 806 beatissimum
737 759 955 806 Petrum
991 759 1281 820 apostolum
1320 760 1512 805 Romae
1559 761 1822 820 pontificos

243 838 340 885 sub
366 855 420 886 se
446 840 574 887 duos
604 857 694 902 per
724 841 958 888 ordinem
992 841 1055 888 ad
1089 840 1366 902 regendam
1392 841 1684 887 aecclesiam
1711 859 1821 887 con·

242 920 486 981 stituisse,
529 938 678 970 causa
715 923 944 971 instante
981 923 1277 979 necessaria,
1319 923 1531 969 tradunt
1566 922 1815 970 historiae.

242 1003 312 1051 Et
335 1004 444 1066 ipse
470 1021 693 1067 magnus
724 1006 880 1053 abbas
912 1006 1241 1064 Benedictus,
1272 1005 1402 1053 sicut
1432 1005 1493 1051 de
1524 1003 1612 1051 illo
1646 1004 1823 1051 beatus

241 1101 373 1147 papa
407 1086 687 1149 Gregorius
715 1089 905 1148 scribit,
942 1086 1133 1136 XIIcim
1166 1088 1373 1135 abbates
1405 1086 1511 1133 suis
1542 1085 1816 1146 discipulis.

241 1171 395 1229 prout
431 1170 558 1217 utile
593 1170 855 1230 iudicauit,
887 1172 998 1219 sine
1033 1170 1258 1218 caritatis
1294 1170 1619 1227 detrimento,
1661 1168 1821 1214 immo

243 1267 335 1312 pro
362 1255 642 1315 augmento
668 1253 893 1302 caritatis
916 1253 1170 1315 praefecit.

315 1335 357 1381 8.
400 1335 635 1397 Suscepit
664 1335 824 1398 igitur
858 1339 1172 1383 memoratus
1206 1335 1286 1381 uir
1319 1351 1491 1381 curam
1526 1332 1821 1379 monasterii

241 1419 469 1479 regendi,
498 1435 638 1466 nono
660 1436 722 1466 ex
747 1436 847 1482 quo
880 1418 1155 1465 fundatum
1192 1419 1269 1464 est
1301 1433 1450 1464 anno.
1528 1414 1819 1462 Permansit

241 1499 297 1547 in
335 1500 423 1548 ea²
457 1517 621 1563 usque
656 1502 718 1549 ad
754 1501 957 1549 obitum
995 1516 1147 1547 suum
1182 1500 1332 1546 annis
1363 1500 1615 1560 quattuor,
1648 1497 1728 1543 uir
1758 1497 1818 1544 ad

243 1584 537 1632 saeculum³
586 1584 787 1644 nobilis,
840 1584 929 1631 sed
989 1582 1190 1644 insigne
1250 1581 1536 1629 nobilitatis
1594 1596 1700 1626 non
1759 1580 1820 1626 ad

242 1666 517 1714 iactantiae
552 1666 838 1724 materiem,
881 1667 940 1713 ut
977 1665 1200 1727 quidam,
1236 1663 1670 1725 despectumque4
1705 1661 1823 1708 alio-

243 1766 375 1809 rum,
420 1750 509 1797 sed
556 1750 619 1797 ad
668 1749 928 1809 maiorem,
972 1751 1030 1795 ut
1079 1747 1175 1794 Dei
1216 1760 1427 1794 seruum
1465 1746 1620 1803 decet,
1663 1743 1821 1790 animi

243 1832 570 1880 nobilitatem
596 1835 916 1880 conuertens.
994 1829 1251 1877 Patruelis
1284 1828 1471 1890 quippe
1497 1830 1603 1874 erat
1628 1825 1823 1873 abbatis

244 1915 327 1964 sui
370 1915 654 1975 Benedicti,
703 1915 790 1962 sed
834 1913 1107 1961 amborum
1144 1914 1288 1959 tanta
1324 1911 1618 1972 ingenuitas
1634 1909 1662 1967 ⁵,
1706 1907 1826 1955 talis

244 1997 538 2045 mundanae
586 1996 925 2060 ingenuitatis
961 1995 1062 2042 fuit
1100 2011 1192 2056 pro
1240 1993 1434 2040 nichilo
1477 1992 1818 2050 contemptus,

244 2082 305 2128 ut
351 2097 518 2142 neque
565 2080 663 2127 iste
710 2078 1088 2127 monasterium
1136 2077 1409 2138 ingressus,
1452 2074 1678 2135 aliquem
1726 2070 1824 2117 sibi

244 2179 367 2226 prae
403 2162 586 2211 ceteris
626 2162 689 2210 ob
726 2161 979 2209 intuitum
1017 2157 1481 2220 consanguinitatis
1516 2158 1604 2203 aut
1641 2152 1822 2201 nobili-

244 2245 367 2294 tatis
392 2245 642 2293 honorem
663 2243 1028 2306 quaerendum,
1056 2257 1224 2303 neque
1249 2240 1338 2286 ille
1354 2240 1368 2263 '³
1394 2240 1596 2300 putaret
1617 2236 1824 2284 offeren-

244 2328 408 2387 dum;
470 2328 558 2375 sed
613 2326 811 2389 aequali
866 2342 985 2372 cum
1039 2323 1283 2371 fratribus
1341 2321 1484 2368 lance
1543 2319 1665 2366 boni
1718 2333 1824 2378 pro·

243 2411 399 2472 positi
453 2409 658 2458 iuuenis
705 2408 1019 2471 gloriabatur
1067 2423 1119 2454 se
1168 2404 1452 2467 regularem
1507 2419 1597 2463 per
1649 2398 1822 2447 onmia

243 2509 448 2541 seruare
484 2492 826 2554 disciplinam.
904 2491 973 2537 Et
1006 2488 1215 2550 quidem
1242 2502 1360 2533 cum
1386 2485 1563 2531 fuisset
1588 2481 1823 2529 minister

243 2575 496 2638 AEcgfridi
543 2574 687 2636 regis,
741 2573 933 2620 relictis
991 2570 1150 2619 semel
1201 2567 1419 2630 negotiis
1474 2564 1821 2619 saecularibus,

244 2658 492 2720 depositis
539 2657 710 2716 armis,
765 2657 1032 2716 assumpta
1089 2651 1277 2700 militia
1336 2647 1564 2709 spiritali,
1618 2649 1820 2693 tantum

243 2741 438 2789 mansit
508 2739 739 2799 humilis,
811 2737 1148 2801 fraftrumque
1217 2730 1517 2779 simillimus
1585 2728 1815 2777 aliorum.

243 2824 331 2870 ut⁷
370 2822 622 2870 uentilare
659 2837 778 2869 cum
821 2820 896 2868 eis
937 2820 989 2866 et
1036 2816 1287 2871 triturare,
1330 2828 1451 2859 oues
1498 2808 1819 2869 uitulasque'3

242 2904 490 2967 mulgere,
534 2904 590 2950 in
633 2902 865 2964 pistrino,
907 2901 962 2948 in
1004 2902 1127 2957 orto,
1170 2897 1225 2943 in
1261 2893 1491 2955 coquina,
1535 2891 1587 2937 in
1626 2890 1821 2937 cunetis

242 2985 543 3035 monasterii
599 2985 840 3047 operibus
897 2981 1147 3030 iocundus
1196 2979 1247 3024 et
1294 2973 1535 3022 obediens
1580 2972 1819 3033 gauderet

301 3123 313 3144 ²
343 3122 578 3161 lectissimi
600 3127 650 3160 A.
725 3118 740 3141 ²
768 3132 818 3158 eo
840 3120 894 3158 D.
917 3118 991 3164 H2.
1014 3117 1060 3154 P.
1079 3115 1123 3153 C.
1143 3114 1193 3152 B.
1211 3113 1255 3150 F.
1338 3110 1351 3130 ³
1381 3109 1435 3147 ad
1459 3121 1564 3145 saec.
1582 3119 1655 3144 om.
1673 3106 1722 3144 D.
1743 3104 1816 3154 112.

245 3189 291 3228 P.
311 3189 358 3228 C.
374 3188 422 3227 B.
441 3187 487 3225 F.
564 3185 577 3207 ⁴
599 3187 937 3236 dispectumque
955 3183 1028 3229 Hl.
1047 3180 1112 3219 ΔΙ.
1187 3179 1201 3200 ⁵
1223 3176 1386 3215 mentis
1402 3175 1491 3224 ing.
1511 3174 1547 3211 D
1573 3172 1649 3221 H2.
1664 3170 1707 3208 P.
1719 3172 1762 3207 C.
1778 3169 1825 3207 F.

245 3255 260 3278 ⁶
290 3255 420 3292 illum
444 3259 493 3291 Δ.
680 3247 695 3270 ⁷
724 3251 775 3289 ut
796 3263 868 3288 om.
890 3249 943 3287 D.
965 3247 1042 3297 H2.
1066 3246 1111 3284 P.
1132 3244 1176 3283 C.
1199 3243 1250 3282 B.
1272 3242 1318 3280 F.
1513 3237 1527 3258 ⁸
1557 3236 1724 3285 -losque
1746 3233 1822 3283 112.

962 3315 1105 3365 Bbz

1851 1340 2070 1375 Char-aeter

1851 1392 1895 1423 of
1909 1391 2065 1425 Eoster-

1851 1451 1963 1475 wme.
