2240 3444
256 121 354 160 Cn.
374 117 488 170 V11.]
754 111 944 165 Gentis
984 115 1030 165 A
1047 116 1320 184 stylorum.
1724 130 1816 179 141

258 253 558 315 appellatur,
590 255 765 304 sedem
803 258 1126 320 episcopatus
1163 262 1339 310 tribuit
1367 283 1376 323 ;
1433 268 1566 313 1111111·
1600 271 1824 318 offensus

256 336 482 396 grauiter
498 338 827 400 Agilberctus
845 341 870 401 ¹,
893 341 1027 402 quod
1049 341 1171 389 haec
1221 345 1329 406 ipso
1349 347 1637 395 inconsulto
1657 358 1823 408 agvrot

254 435 356 478 rex,
399 420 551 468 rediit
596 421 831 482 Galliam,
874 424 925 470 et
969 428 1174 487 accepto
1217 429 1504 489 episcopatu
1550 432 1823 480 Pau-isiacae

253 500 493 563 ciuitatis,
525 502 719 551 ibidem
755 520 909 552 senex
945 523 1001 553 ac
1039 508 1225 569 plenus
1263 509 1459 557 dierum
1499 512 1634 560 obiit.
1712 516 1823 562 Non

254 585 438 633 multis
479 588 652 634 autem
691 588 843 635 annis
883 591 1000 650 post
1036 590 1327 638 abscessum
1365 593 1473 639 eius
1509 612 1536 640 a
1575 596 1825 644 Brittania

254 669 539 729 transactis,
571 670 897 732 pulsustest³
924 674 974 719 et
1001 672 1130 720 Uini
1165 673 1227 720 ab
1265 675 1442 721 eodem
1482 692 1596 737 rege
1634 678 1694 723 dc
1733 680 1827 739 ‹epi-

252 754 496 812 scopatu;
535 753 624 814 qui
661 754 900 801 secedens
935 755 996 802 ad
1035 771 1209 816 regem
1240 755 1548 804 Merciorum
1584 760 1828 807 uocabulo

252 834 510 895 Uulfheri,
541 835 670 883 emit
693 835 858 897 pretio
883 836 947 883 ab
974 853 1033 883 eo
1059 837 1233 884 sedem
1261 838 1563 886 Lundoniae
1588 841 1821 901 ciuitatis,

253 917 463 979 eiusque
523 918 792 980 episcopus
845 935 1008 980 usque
1068 920 1131 967 ad
1185 920 1320 967 uitae
1379 937 1498 968 suae
1546 924 1826 972 terminum

250 999 457 1048 mansit.
531 1001 714 1063 Sicque
773 1001 1040 1063 prouincia
1099 1001 1508 1050 Occidentalium
1568 1004 1826 1054 Saxonum
1857 1018 1937 1053 The
1959 1022 2027 1053 ser·

250 1085 482 1144 tempore
506 1100 614 1131 non
638 1100 799 1145 pauco
823 1084 1015 1145 absque
1040 1084 1273 1146 praesule
1299 1084 1412 1132 fuit.
1859 1072 2015 1104 vacant.

319 1165 430 1225 Quo
457 1166 612 1214 etiam
637 1167 870 1228 tempore
903 1183 989 1213 rex
1023 1166 1281 1228 praefatus
1314 1166 1475 1228 ipsius
1510 1169 1691 1229 gentis,
1722 1187 1824 1231 gra-

251 1247 482 1296 uissimis
541 1249 687 1311 regni
747 1249 829 1296 sui
877 1249 1081 1297 damnis
1130 1249 1425 1310 saepissime
1472 1250 1534 1297 ab
1593 1252 1827 1300 hostibus

248 1330 498 1391 adflictus,
544 1332 757 1379 tandem
800 1332 862 1379 ad
911 1331 1216 1379 memoriam
1259 1332 1475 1393 reduxit,
1526 1335 1658 1394 quod
1708 1352 1826 1382 eum

247 1414 450 1475 pridem
492 1414 707 1476 perfidia
754 1431 912 1476 regno
953 1414 1145 1476 pulerit
1163 1413 1192 1474 4,
1241 1413 1368 1461 fides
1415 1417 1587 1476 agnita
1635 1417 1826 1465 Christi

246 1497 303 1544 in
327 1514 547 1559 regnum
572 1497 889 1545 reuocauerit
909 1515 920 1558 3
957 1497 1330 1559 intellexitque,
1362 1499 1496 1559 quod
1524 1499 1677 1547 etiam
1703 1502 1826 1547 tunc

246 1580 493 1628 destituta
517 1580 760 1642 pontifice
784 1579 1049 1642 prouincia
1075 1580 1208 1626 recte
1234 1579 1426 1641 pariter
1445 1580 1646 1628 diuino⁵
1672 1582 1826 1629 fuerit

245 1663 493 1711 destituta
531 1663 799 1725 praesidio.
877 1662 1020 1710 Misit
1060 1679 1178 1724 ergo
1214 1662 1479 1723 legatarios
1515 1663 1570 1710 in
1609 1664 1827 1711 Galliam

249 1747 312 1793 ad
337 1745 743 1807 Agilberctumss,
776 1746 1055 1794 summissa
1090 1745 1244 1792 illum
1282 1744 1624 1792 satisfactione
1658 1747 1825 1808 depre-

248 1844 370 1876 cans
410 1828 474 1875 ad
517 1827 869 1890 episcopatum
913 1844 1034 1876 suae
1072 1827 1241 1890 gentis
1284 1827 1458 1874 redire.
1535 1829 1608 1875 At
1650 1828 1738 1875 ille
1775 1845 1828 1876 se

247 1926 511 1972 excusans,
555 1911 635 1958 et⁷
677 1911 858 1958 uenire
900 1928 1007 1958 non
1044 1926 1192 1972 posse
1229 1911 1532 1968 contestans,
1575 1910 1692 1970 quia
1732 1911 1829 1972 epi·

247 1995 457 2054 scopatu
516 1992 751 2055 propriae
812 1993 1039 2041 ciuitatis
1096 2009 1151 2040 ac
1212 1991 1502 2054 parrochiae
1567 1994 1828 2040 teneretur

246 2075 533 2135 adstrictUS,
566 2092 631 2123 116
656 2078 834 2123 tamen
871 2075 1059 2123 obnixe
1094 2074 1294 2137 petenti
1330 2074 1405 2120 nil
1442 2074 1597 2121 ferret
1632 2075 1822 2134 auxilii,

248 2158 394 2206 misit
434 2175 526 2221 pro
569 2175 623 2206 se
664 2158 755 2206 illo
797 2158 1162 2220 presbyterum
1204 2156 1541 2204 Leutherium
1589 2160 1826 2218 nepotem
1858 2164 2081 2220 Hlothherc

248 2258 416 2302 suum,
448 2241 538 2304 qui
571 2241 629 2302 ei,
661 2240 704 2288 si
737 2241 910 2302 uellet,
943 2241 1268 2288 ordinaretur
1301 2239 1599 2300 episcopus3
1637 2239 1822 2298 dicens,
1859 2214 2009 2257 mshop.

250 2325 386 2386 quod
410 2324 519 2386 ipse
544 2341 663 2371 eum
689 2323 907 2386 dignum
934 2339 1043 2371 esse
1069 2322 1361 2384 episcopatu
1387 2321 1642 2368 iudicaret.
1720 2322 1828 2381 Quo

250 2407 531 2455 honorifice
579 2423 609 2454 a
655 2407 845 2469 populo
895 2409 946 2454 et
993 2423 1022 2454 a
1070 2422 1186 2467 rege
1227 2405 1475 2465 suscepte,
1520 2406 1828 2464 rogauerunt

251 2490 593 2550 Theodorum,
632 2487 637 2555 Ι
670 2491 796 2536 tunc
833 2488 1270 2549 archiepiscopum
1309 2485 1719 2532 Doruuerncnsis
1759 2502 1828 2532 ec-

249 2573 446 2633 clesiae,
485 2573 656 2636 ipsum
695 2572 796 2621 sibi
830 2571 1120 2620 antistitem
1158 2568 1472 2616 consecrari*
1492 2585 1502 2626 ;
1540 2567 1627 2628 qui
1663 2584 1826 2613 conse-

249 2658 418 2703 cratus
476 2655 532 2702 in
591 2655 702 2717 ipsa
756 2654 976 2713 ciuitate,
1031 2651 1215 2699 multis
1272 2649 1422 2697 annis
1480 2648 1823 2709 episcopatum

250 2738 585 2786 Geuissorum
601 2736 617 2760 ⁹
642 2754 705 2784 ex
736 2735 978 2799 synodica
1011 2733 1269 2782 sanctione
1295 2730 1433 2778 solus
1459 2730 1633 2776 sedulo
1660 2730 1824 2777 mode-

248 2820 449 2868 ramine
473 2819 644 2881 gessit.

302 2972 315 2993 ²
345 2971 576 3010 -berchtus
596 2971 628 3010 C
650 2984 659 3019 ;
689 2971 974 3020 egilberictus
996 2969 1048 3007 N.
1239 2965 1253 2986 2
1283 2966 1364 3002 hoc
1386 2964 1429 3001 C.
1453 2964 1515 3002 13².
1713 2962 1725 2981 ³⁵
1755 2963 1821 2998 est

248 3054 319 3079 om.
341 3041 398 3078 M.
488 3040 502 3061 ⁴
531 3040 752 3089 depulerit
768 3040 817 3078 B.
839 3040 905 3087 Rl.
1001 3038 1014 3059 ⁵
1044 3039 1241 3087 paterno,
1263 3037 1410 3071 *instead
1430 3031 1653 3081 osparitcr
1667 3028 1822 3066 diuiim

248 3107 292 3146 C.
314 3106 365 3144 D.
384 3107 448 3154 03.
471 3104 667 3154 0⁸-1,.R¹,.
750 3104 765 3126 ⁶
795 3105 1047 3143 -berchtum
1065 3103 1108 3141 C.
1187 3099 1200 3120 ⁷
1234 3101 1276 3137 ct
1292 3112 1341 3136 co
1359 3099 1402 3137 C.
1422 3097 1485 3136 B'·'.
1571 3094 1584 3115 Β
1614 3108 1677 3132 -rc
1699 3096 1742 3132 C.
1770 3093 1819 3131 N.

243 3171 258 3194 ⁹
287 3173 591 3222 geuuissorum
613 3171 659 3211 C.
