2240 3444
361 100 464 151 152
810 96 875 148 H
878 95 1077 149 istoria
1114 95 1505 149 Ecclesiasticus
1745 102 1855 154 [Lm.
1880 105 1955 143 111.

357 243 620 307 suspendi.
699 244 812 305 Quo
848 246 965 307 post
1000 261 1202 292 annum
1234 239 1547 291 deueniens1
1586 256 1706 288 cum
1736 237 1960 286 exercitu

359 345 620 376 successor
644 328 795 390 regni
819 328 932 376 eius
966 327 1126 376 Osuiu
1154 326 1370 375 abstulit
1396 343 1466 386 ea,
1498 327 1549 374 et
1573 326 1725 386 caput
1751 322 1962 385 quidem

359 411 415 459 in
453 411 724 474 cymiterio
761 409 1240 459 Lindisfarnensis2
1278 409 1531 470 ecclesiae,
1571 408 1626 455 in
1666 406 1805 469 regia
1842 421 1965 453 uero

361 495 571 544 ciuitate
595 512 784 543 manus
809 512 928 543 cum
953 494 1180 543 brachiis
1205 493 1450 542 condidit.

989 709 1141 758 OAP.
1184 708 1342 757 XIII.

481 854 529 889 Ut
549 854 593 888 in
615 853 810 889 Hibernia
833 853 884 888 sit
904 852 1069 896 quidam
1082 864 1154 897 per
1172 854 1360 897 reliquias
1380 853 1465 888 eius
1493 863 1519 887 α
1540 852 1674 887 mortis
1696 850 1859 886 articulo

1062 922 1277 956 reuocatus.

73 1065 199 1099 Fame
220 1062 267 1119 of·
435 1047 547 1096 NEC
573 1047 745 1095 solum
764 1046 948 1110 inclyti
972 1047 1110 1095 fama
1134 1047 1235 1095 uiri
1254 1047 1546 1095 Brittaniae
1570 1047 1703 1094 fines
1727 1045 1975 1094 lustrauit

74 1113 302 1206 gsgffignss
364 1131 654 1191 uniuersos,
681 1132 769 1179 sed
791 1131 949 1179 etiam
966 1133 1111 1179 trans
1131 1148 1382 1179 oceanum
1403 1131 1555 1194 longe
1575 1130 1773 1178 radios3
1801 1129 1975 1177 saluti—

72 1215 243 1298 sssseffand
365 1215 502 1263 ferae
551 1214 683 1262 lucis
732 1231 994 1277 spargens,
1045 1214 1353 1262 Germaniae
1396 1214 1555 1262 simul
1595 1216 1645 1262 et
1688 1213 1975 1261 Hiberniae

365 1301 538 1362 partes
562 1297 748 1360 attigit.
828 1298 1068 1360 Denique
1101 1297 1554 1346 reuerentissimus
1585 1297 1805 1346 antistes
1838 1297 1975 1344 Acca

368 1382 498 1430 solet
542 1381 744 1441 referre,
793 1381 926 1444 quia,
976 1398 1096 1428 cum
1146 1381 1370 1429 Romam
1407 1382 1618 1442 uadens,
1662 1382 1797 1443 apud
1837 1396 1977 1428 sanc-

367 1466 636 1514 tissimum
663 1466 952 1513 Fresonum
972 1464 1143 1528 gentis
1168 1465 1613 1528 archiepiscopum
1633 1465 1976 1513 Uilbrordum

369 1566 490 1598 cum
539 1566 632 1597 suo
681 1549 918 1597 antistite
968 1548 1199 1597 Uilfrido
1259 1551 1562 1610 moraretur,
1619 1549 1797 1597 crebro
1855 1564 1976 1595 eum

369 1633 590 1682 audierit
624 1633 687 1681 de
718 1632 986 1692 mirandis,
1026 1649 1156 1695 quae
1191 1633 1254 1680 ad
1292 1632 1536 1695 reliquias
1573 1632 1805 1680 eiusdem
1839 1647 1977 1679 reue-

370 1716 657 1765 rentissimi
683 1717 819 1779 regis
844 1716 900 1764 in
931 1716 1023 1764 illa
1051 1716 1321 1779 prouincia
1345 1719 1488 1779 gesta
1513 1716 1723 1777 fuerint⁷
1750 1732 1972 1764 narrare.

371 1802 473 1850 Sed
504 1803 555 1849 et
588 1801 676 1848 in⁴
711 1801 969 1849 Hibernia
1002 1818 1121 1848 cum
1155 1801 1427 1863 presbyter
1450 1801 1619 1848 adhuc
1648 1800 1978 1862 peregrinam

370 1902 463 1948 pro
492 1887 699 1932 aeterna
735 1884 900 1947 patria
938 1885 1146 1932 duceret
1178 1884 1357 1945 uitam⁷
1389 1883 1653 1932 rumorem
1689 1883 1981 1931 sanctitatis

372 1969 517 2016 illius
552 1969 607 2015 in
645 1985 703 2016 ea
742 1985 946 2030 quoque
983 1967 1156 2016 insula
1192 1969 1348 2031 longe
1385 1969 1592 2030 lateque
1635 1968 1740 2015 iam
1782 1983 1981 2029 percre-

372 2052 574 2100 bruisse
598 2051 794 2099 ferebat
816 2070 827 2112 3
866 2068 892 2098 e
913 2051 1102 2114 quibus
1118 2069 1298 2113 unum,
1322 2052 1458 2114 quod
1483 2052 1622 2100 inter
1641 2052 1739 2098 alia
1758 2051 1975 2111 rettulit,

372 2135 688 2183 miraculum
749 2135 1010 2197 praesenti
1069 2137 1279 2184 nostrae
1337 2135 1581 2183 historiae
1640 2135 1980 2182 inserendum

373 2219 701 2267 credidimus.

82 2309 118 2342 A
136 2307 309 2343 miracle
450 2308 460 2325 ⁶
477 2303 731 2364 Tempore
750 2301 779 2363 57

82 2359 127 2393 in
148 2357 328 2394 Ireland.

790 2303 801 2322 9

840 2302 1028 2364 inquit,
1078 2303 1451 2364 ‘mortalitatis,
1497 2320 1626 2366 quae
1664 2302 1981 2351 Brittaniam

374 2386 791 2448 Hiberniamque
815 2385 921 2434 lata
955 2388 1123 2449 strage
1159 2387 1398 2447 uastauit,
1437 2404 1711 2449 percussus
1744 2388 1821 2434 est
1855 2386 1982 2434 eius·

375 2471 495 2518 dem
545 2469 687 2517 clade
735 2469 897 2531 pestis
944 2469 1083 2517 inter
1130 2469 1257 2517 alios
1305 2470 1605 2518 scolasticus
1653 2469 1868 2532 quidam
1919 2470 1982 2518 de

375 2570 564 2616 genere
592 2553 902 2613 Scottorum,
926 2554 1109 2602 doctus
1129 2553 1342 2615 quidem
1368 2553 1449 2600 uir
1469 2553 1641 2601 studio
1666 2553 1977 2614 litterarum,

377 2638 465 2685 sed
493 2653 613 2699 erga
633 2653 810 2684 curam
835 2639 1113 2699 perpetuae
1132 2653 1253 2685 suae
1274 2636 1577 2684 saluationis
1602 2637 1738 2685 nihil
1765 2637 1983 2686 omnino

378 2720 539 2769 studii
565 2722 616 2767 et
654 2720 944 2768 industriae
977 2737 1174 2783 gerens.
1254 2720 1354 2781 Qui
1381 2737 1500 2768 cum
1536 2738 1589 2768 se
1622 2721 1780 2769 morti
1813 2721 1983 2783 proxi-

377 2820 528 2851 mum
554 2803 767 2865 uideret,
794 2803 980 2852 timere
1006 2803 1171 2866 coepit
1197 2806 1248 2852 et
1272 2820 1472 2866 pauere‚
1503 2821 1570 2851 ne
1595 2821 1718 2852 mox
1742 2806 1984 2852 mortuus

380 2888 444 2935 ob
504 2887 692 2935 merita
750 2887 1005 2936 scelerum
1065 2889 1128 2936 ad
1188 2887 1379 2935 inferni
1429 2888 1652 2935 claustra
1700 2889 1980 2950 raperetur,

380 2970 730 3033 clamauitque
754 2988 851 3033 me,
875 2989 993 3020 cum
1020 2988 1187 3020 essem
1216 2971 1272 3019 in
1292 2971 1483 3020 uicinia
1498 2972 1513 2996 ⁶
1538 2972 1752 3033 positus,
1778 2974 1829 3020 et
1848 2971 1986 3019 inter

437 3124 447 3145 ¹
481 3126 671 3164 ueniens
693 3126 750 3166 M.
869 3124 886 3150 2
916 3126 1172 3177 —parnensis
1193 3127 1245 3166 N.
1365 3125 1379 3147 ³
1409 3127 1535 3165 radio
1556 3126 1613 3165 M.
1730 3125 1742 3148 ⁴
1772 3128 1821 3165 in
1834 3140 1907 3166 om.
1927 3126 1985 3165 M.-

381 3191 396 3214 ⁵
424 3195 497 3230 The
513 3196 664 3239 chapter
681 3196 810 3241 beyins
825 3196 909 3231 here
925 3196 968 3231 in
990 3193 1034 3232 C.
1051 3192 1120 3232 W.
1142 3192 1193 3230 D.
1218 3192 1326 3242 01—4.
1352 3192 1473 3244 00—11.
1489 3192 1560 3232 διο.
1638 3191 1653 3214 ⁶
1683 3193 1834 3232 uicina
1852 3193 1909 3232 M.
1927 3192 1980 3232 N.
