2240 3444
384 127 472 192 46'
852 138 918 191 H
914 136 1121 191 istoria
1153 134 1544 189 Ecclesiae-tica
1822 141 1932 194 [Lm.
1953 145 1986 184 Ι.

383 289 611 337 ferentes
636 288 949 349 argenteam,
983 274 1033 334 et
1058 284 1346 347 imaginem
1381 281 1596 331 Domini
1627 281 1911 331 Saluatoris
1934 280 1991 328 in

383 372 562 421 tabula
598 371 868 434 depictam,
900 369 1257 431 laetaniasque
1293 369 1539 416 canentes
1576 383 1668 428 pro
1707 382 1798 413 sua
1832 364 1991 413 simul

387 457 438 504 et
481 471 677 514 eorum,
719 455 931 516 propter
968 469 1098 515 quos
1141 453 1193 499 et
1235 451 1299 500 ad
1338 467 1466 513 quos
1507 451 1775 507 uenerant,
1825 447 1992 496 salute

386 542 609 599 aeterna,
642 537 870 586 Domino
896 535 1274 598 supplicabant.
1352 534 1591 596 Cumque
1615 533 1679 581 ad
1705 531 1992 580 iussionem

386 622 524 686 regis
550 621 839 669 residentes
863 618 1088 667 uerbum
1113 617 1162 665 ei
1186 619 1325 666 uitae
1351 634 1455 665 una
1481 633 1600 665 cum
1621 615 1880 675 omnibus,
1904 614 1994 676 qui

387 706 616 766 aderant,
671 703 783 752 eius
832 702 1112 750 comitibus
1159 687 1528 764 praedicarent,
1587 698 1858 761 respondit
1905 697 1994 745 ille

389 789 599 837 dicens:
657 786 919 835 ‘Pulchra
962 787 1086 834 sunt
1130 782 1376 848 quidem1
1419 784 1580 832 uerba
1629 785 1680 831 et
1722 781 1990 844 promissa,

391 890 522 936 quae
569 870 814 931 adfertis;
858 870 946 918 sed
997 869 1118 932 quia
1166 885 1304 917 noua
1352 869 1477 916 sunt
1525 870 1576 916 et
1624 866 1834 927 incerta,
1890 882 1997 913 non

388 956 474 1005 his
502 971 716 1018 possum
750 954 1032 1002 adsensum
1065 952 1306 1013 tribuere,
1337 950 1536 999 relictis
1570 950 1656 1011 eis,
1689 966 1820 1013 quae
1849 950 1997 997 tanto

389 1042 624 1102 tempore
651 1054 770 1085 cum
805 1036 951 1085 omni
977 1036 1278 1098 Anglorum
1312 1037 1468 1097 gente
1497 1033 1717 1082 seruaui.
1796 1032 1997 1080 Uerum

391 1123 513 1186 quia
550 1122 613 1169 de
649 1121 804 1183 longe
837 1121 940 1168 huc
977 1119 1239 1182 peregrini
1275 1118 1511 1179 uenistiS,
1543 1120 1610 1175 et,
1637 1120 1696 1165 ut
1735 1133 1827 1179 ego
1864 1115 1995 1163 mihi

389 1206 572 1254 uideor
607 1203 943 1267 perspexisse,
988 1220 1058 1265 ea,
1102 1219 1232 1265 quae
1276 1218 1372 1250 uos
1407 1218 1530 1250 uera
1567 1203 1618 1249 et
1658 1200 1857 1262 optima
1893 1216 1996 1246 cre-

391 1289 605 1350 debatis,
637 1287 789 1335 nobis
820 1303 1027 1350 quoque
1058 1286 1445 1334 communicare
1478 1284 1824 1343 desiderastis,
1856 1283 1999 1330 nolu-

390 1389 511 1421 mus
558 1371 770 1419 molesti
819 1387 933 1419 esse
981 1370 1164 1431 uobis3
1226 1369 1356 1432 quin
1403 1368 1578 1431 potius
1628 1368 1856 1430 benigno
1904 1382 2000 1414 uos

392 1455 620 1518 hospitio
641 1454 880 1516 recipere,
908 1455 972 1515 et,
999 1470 1131 1516 quae
1156 1453 1323 1501 uictui
1350 1455 1474 1500 sunt
1492 1454 1667 1499 uestro
1694 1449 1996 1511 necessaria,

392 1539 694 1588 ministrare
742 1553 1022 1597 curamus,
1066 1553 1161 1584 nec
1208 1536 1567 1599 prohibemus
1622 1535 1752 1597 quin
1802 1551 1996 1595 omnes,

394 1640 523 1687 quos
583 1621 816 1685 potestis,
882 1620 1005 1669 fidei
1065 1621 1270 1668 uestrae
1330 1619 1598 1682 religionis
1657 1618 2003 1680 praedicando

102 1720 356 1777 seulement
393 1706 597 1756 societis
616 1705 666 1755 2.'
757 1705 915 1753 Dedit-
975 1720 1095 1766 ergo
1153 1703 1226 1751 eis
1284 1703 1616 1751 mansionem
1677 1701 1733 1749 in
1794 1700 2004 1749 ciuitate

103 1771 339 1864 ffiuqcyanter-
396 1788 806 1849 Doruuernensi,
840 1804 971 1850 quae
995 1786 1206 1849 imperii
1237 1786 1320 1835 sui
1349 1786 1513 1834 totius
1546 1787 1655 1833 erat
1680 1784 1998 1847 metropolis,

396 1875 584 1937 eisque,
650 1875 710 1921 ut
766 1872 1087 1934 promiserat,
1144 1887 1264 1919 cum
1318 1869 1774 1918 administratione
1834 1867 2006 1916 uictus

396 1957 698 2020 temporalis
723 1956 992 2004 licentiam
1026 1971 1234 2018 quoque
1266 1953 1599 2016 praedicandi
1628 1970 1736 2000 non
1769 1951 1999 2000 abstulit.

399 2042 584 2090 Fertur
608 2041 800 2100 autem,
832 2038 953 2101 quia
979 2037 1464 2100 adpropinquantes
1496 2036 1711 2096 ciuitati,
1742 2051 1886 2083 more
1913 2051 2006 2082 suo

399 2142 520 2174 cum
546 2141 695 2172 cruce
721 2125 900 2172 sancta
924 2124 976 2170 et
994 2121 1223 2185 imagine
1247 2120 1427 2184 magni
1452 2119 1587 2182 regis
1607 2118 1821 2167 Domini
1841 2118 2007 2166 nostri

401 2209 523 2257 Iesu
572 2207 771 2256 Christi
817 2207 953 2254 hanc
1001 2205 1283 2253 laetaniam
1332 2220 1560 2252 consona
1607 2219 1732 2250 uoce
1781 2201 2007 2250 modula—

401 2294 620 2342 rentur:
681 2291 1064 2352 ‘Deprecamur
1111 2290 1175 2349 te,
1230 2287 1471 2347 Domine,
1517 2286 1572 2333 in
1621 2285 1766 2334 omni
1814 2284 2009 2333 miseri-

402 2377 575 2425 cordia
598 2377 702 2436 tua,
733 2376 793 2422 ut
825 2373 1088 2421 auferatur
1118 2371 1262 2420 furor
1286 2373 1409 2419 tuus
1443 2372 1494 2418 et
1524 2369 1599 2417 ira
1630 2371 1720 2417 tua
1745 2386 1774 2417 a
1800 2369 2010 2417 ciuitate

401 2460 511 2521 ista,
567 2461 619 2507 et
668 2458 731 2506 de
779 2457 934 2506 domo
982 2457 1161 2504 sancta
1210 2457 1313 2516 tua,
1370 2453 1616 2517 quoniam
1664 2452 2004 2516 peccauimus.

401 2542 632 2592 Alleluia
646 2542 699 2590 3.'

1005 2650 1161 2700 CAP.
1206 2648 1405 2698 XXVI.

410 2756 456 2791 Ut
476 2755 576 2791 [clem
596 2754 640 2790 in
664 2752 801 2788 Guntia
818 2749 1048 2796 primitium
1068 2749 1238 2785 ecclesiae
1257 2750 1290 2783 et
1309 2748 1524 2784 doctrinam
1540 2748 1591 2783 sit
1610 2747 1800 2793 instratus,
1822 2749 1854 2782 et
1872 2747 2008 2793 uitam,

699 2820 809 2863 atque
828 2818 874 2853 in
893 2818 985 2853 urbe
1003 2817 1105 2861 reglis
1124 2817 1249 2851 sedem
1269 2815 1505 2859 episvopatus
1523 2814 1715 2858 «eoeperit.

119 2908 301 2991 {Iissgssvf
505 2901 510 2968 Ι
544 2904 626 2951 ΑΤ
667 2901 757 2950 ubi
796 2901 971 2950 datam
1010 2898 1111 2948 sibi
1147 2897 1480 2946 mansionem
1517 2896 1867 2956 intrauerant,
1910 2913 2014 2944 coe·
2042 2904 2066 2940 f.
2090 2910 2180 2939 noa.

138 2976 149 2990 ²
210 2986 215 2991 ’
406 2988 596 3050 perunt
629 2984 966 3048 apostolicam
992 2981 1291 3046 primitiuae
1316 2979 1559 3028 ecclesiae
1585 2979 1752 3028 uitam
1778 2979 1976 3027 imitari
2002 2997 2012 3038 ;

406 3069 728 3118 orationibus
777 3067 1020 3115 uidelicet
1058 3064 1292 3125 assiduis,
1331 3063 1528 3125 uigiliis
1566 3079 1623 3110 ac
1665 3062 1874 3110 ieiuniis
1916 3077 2013 3109 ser-

463 3181 474 3203 1
507 3181 690 3230 quidem
715 3181 822 3219 sunt
842 3179 887 3218 O.
909 3178 976 3218 ΒΞ.
996 3179 1066 3219 W.
1255 3175 1270 3197 ²
1300 3177 1363 3215 sic
1385 3176 1458 3225 Hl.
1481 3174 1537 3214 132
1556 3188 1566 3225 ;
1596 3176 1775 3215 sociatis
1796 3175 1852 3215 M.
1880 3175 1924 3214 C.
1947 3174 2013 3214 13¹.

408 3247 422 3268 ⁸
455 3246 504 3293 O,
523 3249 625 3295 (lires
646 3250 704 3285 the
723 3248 888 3285 musical
907 3248 1077 3284 notatim
1087 3247 1154 3292 for
1174 3246 1250 3282 this
1265 3246 1403 3290 Many.
