2240 3444
116 3016 246 3060 Reply
264 3014 309 3049 of

113 3067 295 3103 Colman.

404 109 508 160 186
855 108 1122 162 Historia
1159 108 1549 163 Ecclesiccstica
1794 117 1901 171 [Lm.
1926 122 2002 161 111.

399 257 739 319 praecedente
777 257 1006 319 sabbatO,
1038 273 1266 320 uespere,
1299 260 1619 306 sacrosancta
1655 257 1874 320 paschae
1911 257 2006 306 sol-

402 339 596 388 lemnia
632 341 940 401 inchoabat3
979 341 1155 404 sicque
1191 342 1363 403 fiebat,
1393 344 1453 389 ut
1488 341 1751 389 dominica
1784 340 2005 403 paschae

402 423 512 470 dies
546 424 759 471 nonnisi
787 441 817 472 a
841 424 967 471 XVa
991 424 1118 472 luna
1154 439 1318 486 usque
1352 425 1417 473 ad
1450 424 1652 472 XXIam
1690 426 1997 472 seruaretur.

403 505 587 569 Neque
635 507 760 555 haec
808 508 1108 570 euangelica
1151 510 1202 556 et
1252 508 1534 570 apostolica
1575 507 1785 556 traditio
1833 508 2004 570 legem

401 590 573 650 soluit,
594 591 684 638 sed
709 591 883 653 potius
908 590 1174 653 adimplet,
1194 592 1251 639 in
1278 608 1379 654 qua
1405 591 1792 639 obseruandum
1816 590 2006 654 pascha

401 690 430 721 a
473 673 675 721 XIIIIa
716 674 844 721 luna
884 674 1042 736 primi
1083 674 1279 722 mensis
1320 675 1383 723 ad
1423 691 1696 737 uesperam
1733 690 1898 736 usque
1940 673 2004 722 ad

402 756 605 805 XXImn
651 757 835 805 lunam
883 758 1118 805 eiusdem
1177 759 1374 806 mensis
1421 759 1486 806 ad
1534 774 1808 821 uesperam
1867 773 2007 819 prae-

400 842 612 903 ceptum
638 842 747 903 est;
785 841 842 887 in
871 857 1030 903 quam
1056 841 1441 889 obseruantiam
1475 842 1789 889 imitandam
1824 857 2006 888 omnes

398 923 537 971 beati
574 923 830 972 Iohannis
872 940 1188 972 successores
1224 925 1281 972 in
1316 925 1444 973 Asia
1480 927 1598 988 post
1636 925 1838 973 obitum
1875 924 2000 985 eius,

400 1010 452 1055 et
495 1008 669 1055 omnis
717 1023 811 1069 per
851 1007 1032 1055 orbem
1071 1008 1285 1056 ecclesia
1327 1025 1576 1056 conuersa
1621 1011 1712 1057 est.
1791 1008 1861 1056 Et
1907 1007 2005 1055 hoc

402 1108 512 1139 esse
546 1109 731 1139 uerum
768 1092 971 1154 pascha,
1003 1092 1102 1140 hoc
1136 1092 1309 1140 solum
1342 1093 1587 1142 fidelibus
1614 1093 1998 1153 celebrandum,

401 1174 598 1223 Niceno
618 1175 834 1223 concilio
861 1192 969 1223 non
995 1177 1255 1224 statutum
1280 1176 1502 1238 nouiter,
1524 1177 1613 1225 sed
1634 1176 2004 1225 confirmatum

399 1262 492 1319 est,
524 1262 582 1306 ut
608 1259 951 1307 ecclesiastica
977 1259 1126 1307 docet
1159 1259 1390 1309 historia.
1469 1260 1626 1308 Unde
1653 1262 1858 1308 constat
1889 1276 1998 1321 uos,

400 1343 664 1400 Colmane,
731 1359 901 1405 neque
962 1342 1232 1404 Iohannis
1292 1346 1352 1392 ut
1411 1345 1712 1402 autumatis,
1767 1343 2006 1406 exempla

400 1427 597 1488 sectari,
641 1443 812 1488 neque
848 1427 1007 1487 Petri,
1051 1427 1198 1474 cuius
1234 1427 1506 1475 traditioni
1550 1428 1772 1475 scientes
1811 1429 2005 1474 contra-

402 1510 587 1571 dicitis,
632 1526 802 1572 neque
844 1510 961 1572 legi,
1011 1527 1181 1572 neque
1224 1510 1495 1574 euangelio
1542 1511 1599 1558 in
1642 1510 2005 1559 obseruatione

402 1594 565 1641 uestri
616 1594 833 1656 paschae
882 1610 1179 1657 congruere.
1258 1594 1524 1642 Iohannes
1572 1595 1717 1642 enim
1764 1594 1826 1641 ad
1875 1593 2006 1656 legis

402 1677 655 1725 Mosaicae
693 1678 898 1726 decreta
934 1679 1146 1740 tempus
1182 1676 1454 1740 paschale¹
1488 1678 1799 1739 custodiens,
1830 1677 1907 1725 nil
1944 1677 2007 1725 de

399 1763 569 1822 prima
601 1761 803 1810 sabbati
833 1761 1075 1822 curabat;
1114 1761 1252 1824 quod
1286 1778 1382 1809 uos
1414 1779 1523 1810 non
1548 1761 1730 1822 facitis,
1763 1761 1853 1824 qui
1882 1777 2006 1808 non-

401 1845 504 1892 nisi
546 1844 715 1907 prima
757 1845 956 1893 sabbati
996 1845 1188 1907 pascha
1225 1845 1509 1895 celebratis.
1587 1846 1778 1894 Petrus
1814 1862 1844 1894 a
1879 1844 2006 1893 XVa

401 1928 525 1975 luna
564 1945 727 1991 usque
764 1929 828 1976 ad
858 1928 1057 1976 XXIam
1092 1929 1233 1976 diem
1269 1930 1490 1992 paschae
1523 1929 1848 1978 dominicum
1884 1928 2006 1976 cele-

400 2011 615 2072 brabat3
655 2012 793 2074 quod
831 2029 925 2059 uos
959 2028 1067 2059 non
1104 2012 1288 2074 facitis,
1321 2014 1411 2075 qui
1444 2030 1473 2061 a
1505 2013 1709 2061 XIIIIa
1742 2030 1907 2076 usque
1940 2011 2004 2059 ad

402 2094 572 2142 ΧΧΜΠ
598 2095 781 2143 lunam
807 2096 946 2143 diem
973 2096 1297 2144 dominicum
1329 2096 1549 2159 paschae
1575 2096 1863 2145 obseruatis
1884 2114 1895 2156 3
1932 2095 2006 2143 ita

400 2182 461 2227 ut
487 2179 659 2227 XIIIa
691 2178 818 2227 luna
846 2180 911 2227 ad
945 2196 1218 2242 uesperam
1255 2180 1460 2242 saepius
1495 2180 1686 2243 pascha
1722 2178 1998 2242 incipiatis,

400 2262 547 2310 cuius
581 2279 750 2324 neque
783 2262 869 2310 lex
901 2263 1068 2310 ullam
1105 2262 1229 2310 fecit
1259 2263 1599 2324 mentionem,
1632 2279 1802 2325 neque
1828 2264 2007 2310 auctor

399 2363 456 2393 ac
494 2347 643 2393 dator
679 2345 938 2407 euangelii
972 2345 1235 2394 Dominus
1272 2345 1329 2393 in
1366 2362 1436 2407 ea,
1468 2346 1557 2393 sed
1592 2347 1649 2393 in
1683 2345 1886 2393 XIIID
1920 2343 2006 2392 uel

400 2431 556 2476 uetus
591 2429 780 2490 pascha
813 2429 1153 2477 manducauit
1179 2430 1243 2478 ad
1269 2446 1557 2492 uesperam,
1588 2429 1676 2476 uel
1700 2428 1825 2477 noui
1850 2430 2003 2476 testa-

402 2513 570 2560 menti
597 2514 918 2560 sacramenta
942 2511 999 2559 in
1025 2514 1580 2561 commemorationem
1605 2529 1726 2561 suae
1750 2511 2006 2574 passionis

404 2595 644 2644 ecclesiae
694 2596 998 2645 celebranda
1044 2597 1275 2645 tradidit.
1360 2595 1501 2644 Item
1551 2596 1735 2643 lunam
1784 2595 1999 2655 XXIam‚

403 2696 560 2741 quam
596 2680 681 2727 lex
718 2680 945 2728 maxime
978 2679 1346 2728 celebrandam
1379 2679 1786 2740 commendauit,
1815 2696 1845 2727 a
1881 2678 2007 2727 cele-

401 2762 639 2811 bratione
659 2763 823 2811 uestri
838 2763 1057 2825 paschae
1088 2763 1094 2827 1
1128 2763 1369 2811 funditus
1389 2763 1676 2811 eliminatis
1693 2781 1704 2824 3
1742 2763 1932 2825 sicque,
1947 2764 2006 2810 ut

404 2846 523 2907 dixi,
545 2846 601 2894 in
622 2847 967 2895 celebratione
985 2863 1221 2895 summae
1239 2846 1547 2894 festiuitatis
1566 2863 1737 2909 neque
1754 2846 1999 2907 Iohanni,

404 2946 573 2991 neque
599 2930 773 2992 Petro,
799 2947 968 2993 neque
993 2930 1110 2992 legi,
1142 2946 1311 2992 neque
1336 2929 1605 2992 euangelio
1631 2929 1989 2978 concordatis.’

473 3012 576 3061 His
601 3016 780 3062 contra
806 3013 1130 3062 Colmanus:
1173 3013 1509 3075 ⁴Numquid,’
1552 3012 1637 3073 ait,
1693 3012 2004 3061 ‘Anatolius

404 3097 484 3144 uir
510 3100 735 3159 sanctus,
768 3099 819 3145 et
845 3098 899 3146 in
925 3097 1154 3160 praefata
1174 3097 1390 3145 historia
1414 3096 1752 3145 ecclesiastica
1775 3096 2006 3146 multum

1039 3224 1052 3246 ¹
1084 3225 1275 3275 paschae
1295 3223 1371 3264 Ml.

2036 2773 2063 2809 f.
2085 2774 2128 2817 65
2147 2773 2181 2808 b.
