2240 3444
1716 150 1746 198 10

1753 149 1796 197 (Ρ

1795 149 1819 195 ψ’,

246 159 344 198 Cn.
366 153 462 206 HL]
752 145 941 198 Genti-3
980 146 1318 214 szylommn.

894 355 1044 403 CAP.
1087 355 1190 403 ΙΙΙ.

601 483 646 518 Ut
659 482 827 526 puellam
848 482 1089 525 lanquentcm
1109 483 1249 516 orando
1269 483 1481 516 sanam-it.

318 609 606 657 NARRAm‘r
632 607 768 654 idem
797 606 1064 653 Bercthun
1083 605 1095 629 ¹
1125 608 1175 653 et
1201 605 1340 652 aliud
1368 605 1429 652 de
1453 604 1674 666 praefato
1700 604 1823 651 anti—

249 691 369 740 stite
395 689 704 739 miraculum
730 707 740 737 :
778 689 898 750 quia
916 705 1035 735 cum
1062 687 1514 735 reuerentissimus
1542 686 1618 732 uir
1638 686 1824 733 Uilfrid

249 777 367 838 post
403 774 620 834 longum
657 771 872 819 exilium
916 770 970 817 in
1009 770 1355 831 episcopatum
1393 771 1525 816 esset
1562 767 1829 828 Hagustal-

251 856 427 905 densis
463 854 705 903 ecclesiae
740 856 990 916 receptus,
1022 856 1073 900 et
1110 853 1247 900 idem
1283 851 1556 907 Iohannes,
1593 851 1830 896 defuncto

252 940 389 988 Bosa
416 939 528 986 uiro
564 937 761 985 multae
799 935 1087 984 sanctitatis
1123 937 1173 982 et
1209 932 1533 991 humilitatis,
1568 932 1833 993 episcolms

251 1039 346 1085 pro
380 1038 439 1070 eo
474 1019 690 1069 Eboraci
723 1018 1049 1072 substitutus,
1082 1016 1285 1064 uenerit
1319 1015 1426 1076 ipse
1458 1018 1687 1075 tempore
1713 1030 1832 1074 quo-

253 1106 373 1154 dam
410 1104 472 1152 ad
512 1101 889 1151 monasterium
926 1100 1194 1162 uirginum
1231 1098 1286 1145 in
1323 1097 1446 1156 loco,
1502 1095 1590 1158 qui
1627 1100 1836 1143 uocatur

253 1188 513 1245 Uetadun,
579 1184 662 1233 cui
724 1186 850 1232 tunc
922 1182 1220 1243 Heriburg2
1279 1179 1537 1228 abbatissa
1594 1177 1828 1239 praefuit.

259 1271 398 1320 ‘Ubi
448 1286 566 1317 cum
619 1265 980 1326 uenissemus,’
1024 1264 1210 1326 inquit,
1259 1263 1340 1309 ‘et
1393 1277 1580 1323 magno
1634 1259 1834 1306 uniuer-

255 1370 435 1402 sorum
466 1350 651 1414 gaudio
688 1348 912 1410 suscepti
949 1363 1192 1407 essemus,
1222 1344 1474 1392 indicauit
1506 1342 1654 1390 nobis
1690 1341 1834 1388 abba-

256 1438 395 1497 tissa,
435 1434 555 1498 quia
590 1432 844 1495 quaedam
884 1431 946 1478 de
987 1445 1206 1477 numero
1244 1427 1523 1490 uirginum,
1568 1440 1692 1486 quae
1730 1426 1834 1470 erat

258 1520 365 1568 filia
412 1517 576 1580 ipsius
633 1513 866 1572 carnalis,
919 1511 1224 1575 grauissimo
1284 1510 1493 1571 langore
1543 1508 1832 1562 teneretur;

259 1602 378 1665 quia
413 1600 746 1648 flebotomata
782 1598 860 1644 cst
896 1611 1060 1656 nuper
1087 1594 1144 1641 in
1172 1591 1391 1652 brachio,
1427 1593 1478 1638 et
1514 1605 1630 1637 cum
1653 1588 1667 1611 ³
1704 1591 1833 1634 esset

257 1685 314 1733 in
352 1682 535 1743 studio,
578 1683 712 1729 tacta
747 1683 824 1727 est
863 1677 1167 1726 infirmitate
1206 1673 1464 1737 repentini
1502 1669 1702 1729 doloris,
1735 1686 1834 1731 quo

257 1783 380 1815 mox
415 1766 746 1824 increscente,
787 1761 954 1824 magis
984 1762 1254 1823 grauatum
1289 1759 1368 1805 est
1402 1753 1668 1803 brachium
1706 1750 1833 1798 illud

257 1850 605 1907 uulneratum,
659 1852 716 1894 ac
774 1861 985 1893 uersum
1036 1843 1091 1890 in
1145 1844 1402 1889 tumorem
1451 1837 1588 1895 adeo,
1644 1838 1701 1881 ut
1749 1833 1835 1880 uix

257 1932 458 1982 duabus
499 1929 742 1978 manibus
791 1924 1143 1988 circumplecti
1179 1924 1364 1985 posset,
1412 1920 1622 1982 ipsaque
1669 1917 1838 1963 iacens

256 2017 313 2064 in
339 2015 471 2063 lecto
497 2029 617 2076 prae
643 2011 910 2060 nimietate
937 2008 1128 2057 doloris
1152 2008 1255 2054 iam
1280 2003 1533 2052 moritura
1558 2001 1831 2048 uideretur.

258 2097 481 2160 Rogauit
507 2113 625 2159 ergo
651 2094 950 2157 episcopum
980 2089 1248 2148 abbatissa,
1282 2089 1342 2134 ut
1367 2086 1560 2133 intrare
1579 2081 1594 2106 ⁴
1619 2083 1680 2130 ad
1707 2097 1834 2134 eam,

257 2198 313 2229 ac
349 2179 653 2228 benedicere
688 2176 835 2224 illam
865 2174 1176 2237 dignaretur,
1213 2169 1333 2233 quia
1370 2168 1596 2215 crederet
1633 2180 1745 2211 eam
1777 2162 1836 2208 ad

257 2262 675 2311 benedictionem
694 2260 780 2307 uel
799 2260 996 2306 tactum
1016 2255 1158 2302 illius
1177 2269 1299 2301 mox
1320 2250 1507 2298 melius
1527 2247 1833 2295 habituram.

258 2346 595 2407 Interrogans
653 2344 828 2390 autem
874 2340 978 2399 ille,
1033 2337 1238 2400 quando
1295 2327 1651 2381 flebotomata²³
1710 2329 1839 2374 esset

258 2428 444 2492 puella,
499 2429 548 2474 et
594 2427 654 2473 ut
703 2422 957 2487 cognouit,
1005 2421 1125 2483 quia
1178 2420 1233 2466 in
1276 2417 1397 2464 luna
1440 2415 1630 2476 quarta,
1680 2409 1838 2456 dixit:

266 2510 524 2559 ‘Multum
558 2507 867 2570 insipienter
901 2507 952 2552 et
984 2503 1193 2551 indocte
1226 2497 1419 2547 fecistis
1456 2497 1511 2542 in
1543 2495 1665 2541 luna
1696 2491 1838 2538 ΙΙΠᾸι

260 2591 657 2642 flebotomando.
734 2587 952 2638 Memini
989 2585 1127 2633 enim
1164 2584 1340 2630 beatae
1377 2576 1650 2626 memoriae
1687 2574 1838 2620 Theo-

263 2677 447 2725 dorum
479 2672 920 2735 archiepiscopum
952 2668 1131 2726 dicere,
1163 2664 1283 2727 quia
1316 2659 1597 2723 periculosa
1629 2656 1695 2702 sit
1720 2654 1841 2701 satis

261 2759 404 2806 illius
435 2755 685 2818 temporis
713 2750 1024 2808 flebotomia,
1064 2746 1268 2810 quando
1305 2746 1354 2791 et
1385 2743 1560 2789 lumen
1594 2739 1758 2792 lunae,
1790 2739 1841 2782 et

262 2856 443 2889 reuma
479 2837 656 2886 oceani
691 2836 748 2883 in
785 2834 1044 2883 cremento
1080 2832 1169 2877 est.
1246 2827 1314 2874 Et
1350 2823 1472 2885 quid
1507 2837 1596 2882 ego
1634 2833 1840 2880 possum

262 2922 478 2986 puellae,
516 2920 561 2968 si
596 2918 847 2966 moritura
883 2919 973 2973 est,
1015 2909 1247 2960 facere‘?’
1320 2908 1392 2954 At
1434 2904 1523 2950 illa
1564 2898 1843 2948 instantius

263 3005 534 3054 obsecrans
579 3018 672 3065 pro
719 2999 837 3059 filia,
887 3013 1042 3060 quam
1093 2991 1278 3055 oppido
1326 2984 1584 3048 diligebat,
1622 2997 1742 3029 nam
1791 2984 1840 3026 et

321 3134 334 3159 ¹
367 3133 514 3173 berht-
538 3132 583 3172 C.
717 3127 732 3150 ²
761 3130 885 3167 here·
906 3128 952 3165 B.
980 3126 1022 3164 C.
1048 3124 1098 3162 N.
1214 3119 1228 3140 ³
1258 3129 1356 3157 cum
1379 3115 1523 3154 adhuc
1546 3112 1589 3151 C.
1716 3110 1728 3131 ⁴
1758 3111 1841 3146 -ret

267 3202 324 3241 M.
348 3199 416 3239 N2.
544 3197 558 3219 ⁵
589 3198 774 3235 —tamata
794 3194 851 3232 M.

1858 612 1949 644 Fun
1961 613 2031 644 mr

1858 662 2049 694 miram-lv&

1858 723 1910 742 ΓΡ.
1938 722 1950 745 ζ
1979 719 2008 741 (ι.
