2240 3444
11 1752 96 1798 f.93
115 1748 153 1785 b.

665 185 995 256 Eeybertum
1035 188 1390 256 Episcopum.
1706 191 1807 240 415

242 332 451 392 uellere,
483 335 533 381 et
563 349 621 381 ea
657 350 785 396 quae
814 335 1104 397 prouinciae
1136 337 1350 386 nostrae,
1391 333 1497 380 siue
1531 334 1808 380 svs-undum

244 416 429 476 Deum,
462 415 573 464 siue
598 418 882 465 secundum
909 418 1141 465 seculum
1169 417 1273 464 sint
1308 416 1465 468 utilia,
1498 416 1777 476 prospicvrv
1802 433 1811 466 ς

244 498 338 546 ne¹
382 498 573 546 nostris
614 499 937 561 temporibus
979 500 1061 547 uel
1100 499 1339 560 religiono
1387 500 1624 555 cos-santo,
1673 513 1814 543 amur

244 581 505 643 timorque
540 581 733 629 interni
767 583 1030 630 deseratur
1069 581 1383 643 inspectoris,
1418 580 1497 626 uel
1536 583 1817 626 rarescente

246 662 388 725 copia
418 663 638 712 militiae
667 665 919 725 secularis,
950 665 1120 713 absint
1150 663 1236 726 qui
1271 663 1400 710 fines
1432 664 1632 708 nostros
1662 679 1689 707 a
1719 660 1820 707 bau·-

246 744 416 794 barica
470 745 765 795 incursione
817 749 1074 795 tueantur.
1174 745 1318 806 Quod
1368 743 1506 790 enim
1554 746 1701 802 turpe
1747 744 1823 787 ost.

250 828 431 889 dicere,
476 831 556 877 tot
598 829 695 877 sub
740 830 951 877 nomine
993 827 1424 877 monasteriorum
1466 825 1573 872 loca
1609 824 1694 882 hii,
1737 823 1822 884 qui

250 909 611 959 monachicae2
659 911 796 960 uitae
842 927 1051 974 prorsus
1104 913 1228 958 sunt
1283 910 1524 970 expertes,
1574 907 1627 953 in
1681 922 1824 952 suam

249 994 508 1042 dicionem
544 997 861 1056 acceperunt,
897 995 1030 1042 sicut
1065 994 1164 1056 ipsi
1200 992 1388 1040 melius
1424 989 1598 1048 nostiS,
1634 991 1691 1036 ut
1726 1004 1828 1034 om-

250 1076 377 1125 nino
421 1077 555 1126 desit
596 1078 751 1137 locus,
800 1077 891 1125 ubi
932 1077 1028 1125 filii
1071 1075 1327 1124 nobilium
1369 1075 1457 1121 aut
1499 1071 1827 1118 emeritorum

251 1160 484 1209 militum
528 1161 905 1224 possessionem
947 1159 1172 1222 accipere
1212 1157 1444 1220 possint3
1495 1153 1707 1214 ideoque
1747 1167 1825 1198 ua-

253 1245 428 1292 cantes
469 1261 525 1292 ac
568 1244 680 1292 sine
723 1242 976 1305 coniugio,
1025 1243 1200 1289 exacto
1247 1241 1477 1299 tempore
1525 1233 1822 1297 pubertatis,

253 1325 401 1374 nullo
427 1326 777 1374 continentiae
801 1324 1063 1388 proposito
1089 1322 1382 1384 perdurent,
1414 1319 1564 1379 atque
1600 1317 1730 1363 hanc
1766 1314 1830 1360 ob

253 1425 364 1456 rem
402 1409 488 1457 uel
522 1408 743 1471 patriam
780 1424 940 1466 suam,
974 1422 1066 1468 pro
1103 1420 1203 1467 qua
1223 1403 1239 1428 ³
1271 1401 1492 1450 militare
1531 1398 1826 1454 debuerant,

254 1494 401 1541 tra-ns
447 1509 590 1540 mare
630 1491 878 1539 abeuntes
918 1489 1246 1550 relinquant3
1295 1484 1380 1533 uel
1419 1481 1606 1530 maiore
1645 1478 1830 1527 scelere

253 1575 443 1636 atque4
491 1573 826 1637 impudentia,
892 1571 981 1634 qui
1038 1568 1358 1632 propositum
1416 1562 1661 1612 castitatis
1727 1576 1831 1607 non

255 1656 465 1713 habent,
499 1656 733 1704 luxuriae
772 1672 827 1703 ac
864 1651 1191 1702 fornicationi
1229 1647 1535 1706 deseruiant,
1568 1659 1734 1705 neque
1770 1641 1832 1689 ab

257 1739 386 1803 ipsis
421 1739 633 1789 sacratis
669 1739 779 1786 Deo
812 1735 817 1801 Ι
849 1735 1139 1799 uirginibus
1175 1731 1482 1781 abstineant.

331 1839 404 1871 12.
448 1824 523 1871 At
564 1822 651 1870 alii
692 1820 925 1884 grauiore
965 1818 1133 1866 adhuc
1173 1814 1379 1877 flagitio,
1424 1827 1541 1859 cum
1585 1809 1690 1856 sint
1733 1805 1830 1868 ipsi

256 1905 395 1966 laici,
445 1908 497 1954 et
543 1905 690 1953 nullo
737 1903 873 1951 uitae
916 1899 1162 1963 regularis
1210 1896 1294 1945 uel
1341 1911 1437 1942 usu
1481 1890 1699 1948 exerciti,
1748 1887 1830 1935 uel

257 2005 435 2037 amore
470 1986 702 2050 praediti,
735 1987 852 2034 data
887 1982 1094 2045 regibus
1129 1977 1358 2043 pecunia,
1389 1976 1572 2024 emunt
1605 1972 1701 2020 sibi
1738 1971 1832 2018 sub

259 2073 528 2134 praetextu
572 2068 1037 2117 construendorum
1075 2057 1539 2111 monasteriorum⁶
1580 2052 1834 2103 territoria

258 2154 316 2202 in
343 2153 530 2216 quibus
567 2168 688 2201 suae
711 2150 924 2198 liberius
947 2148 1132 2195 uacent
1157 2141 1375 2202 libidini,
1407 2142 1457 2188 et
1480 2140 1600 2186 haec
1627 2137 1838 2196 insuper

259 2236 317 2284 in
365 2236 445 2284 ius
493 2234 591 2283 sibi
638 2230 1041 2281 haereditarium
1088 2224 1343 2289 regalibus
1384 2221 1563 2269 edictis
1581 2221 1596 2243 ⁴³
1644 2217 1835 2265 faciunt

260 2318 486 2378 asscribi,
534 2318 671 2380 ipsas
713 2329 918 2378 quoque
965 2311 1162 2358 litteras
1203 2304 1588 2369 priuilegiorum
1627 2315 1835 2348 suorum

263 2401 410 2465 quasi
451 2399 702 2448 ueraciter
738 2398 845 2446 Deo
889 2395 1083 2456 dignas,
1127 2388 1446 2453 pontificum,
1491 2384 1745 2440 abbatum,
1788 2383 1837 2426 et

263 2486 582 2547 potestatum
621 2479 781 2529 seculi
825 2477 1063 2526 obtinent
1110 2469 1481 2531 subscriptione
1529 2462 1832 2513 confirmari.

266 2567 452 2628 Sicque
483 2564 746 2627 usurpatis
782 2560 877 2610 sibi
915 2555 1153 2621 agellulis
1178 2554 1288 2602 siue
1314 2551 1452 2607 uicis,
1484 2547 1630 2595 liberi
1657 2544 1839 2592 exinde

266 2666 295 2696 a
332 2647 512 2696 diuino
548 2645 705 2694 simul
741 2645 791 2691 et
827 2643 1057 2690 humano
1094 2635 1318 2693 seruitio,
1349 2632 1453 2679 suis
1477 2633 1680 2677 tantum
1714 2624 1839 2672 inibi

269 2729 549 2784 desideriis,
565 2727 684 2775 laici
699 2722 966 2774 monachis
981 2719 1306 2782 imperantes,
1328 2711 1620 2761 desei-uiunt
1637 2728 1646 2767 ;
1681 2708 1840 2754 immo

270 2829 377 2861 non
425 2810 705 2859 monachos
754 2808 827 2856 ibi
883 2803 1205 2865 congregant,
1260 2796 1345 2845 sed
1401 2806 1730 2856 quoscunque
1777 2787 1841 2834 ob

271 2896 481 2957 eulpam
505 2890 913 2941 inobaedientiae
945 2885 1080 2934 ueris
1116 2879 1383 2943 expulsos⁷
1412 2872 1736 2923 monasteriis
1760 2869 1843 2917 ali-

272 2978 391 3028 cubi
406 2977 539 3026 forte
555 2974 852 3023 oberrantes
867 2965 1173 3023 inuenerint,
1195 2965 1281 3010 aut
1298 2975 1502 3008 euocare
1524 2952 1843 3003 monasteriis

329 3121 342 3144 ¹
373 3134 429 3160 ne
450 3133 525 3159 om.
546 3119 605 3160 Μ.
845 3114 859 3135 ²
888 3111 1128 3152 monastice
1149 3107 1208 3147 M.
1445 3100 1458 3120 ³
1487 3113 1563 3150 pro
1584 3110 1668 3147 qua
1690 3109 1762 3134 om.
1787 3094 1844 3133 M.

275 3188 288 3210 ⁴
319 3186 390 3226 uel
413 3185 472 3225 M.
769 3181 783 3204 ⁵
811 3192 927 3219 mon.
951 3178 1087 3216 const.
1113 3172 1170 3212 M.
1458 3166 1471 3188 ⁶
1501 3164 1658 3202 edictis
1681 3173 1766 3210 reg.
1789 3159 1843 3198 M.

276 3252 291 3276 ⁷
323 3253 377 3291 -si
401 3251 458 3290 M.

1863 1815 2083 1849 Character

1860 1865 1905 1897 of
1919 1864 2032 1898 these

1862 1911 2074 1948 establish-

1863 1966 2006 1998 ments.
