2240 3444
74 258 258 294 Mellitus

73 309 156 343 and
175 309 202 343 J
205 311 324 344 ustus

70 359 198 395 retire
215 362 259 395 to

73 409 192 446 Gaul.

68 1521 320 1555 Laurentius

67 1581 260 1614 prepares
287 1575 329 1607 to

67 1621 215 1666 follow,

64 2275 139 2309 but
159 2273 194 2309 is

63 2324 236 2368 stopped
253 2324 308 2367 by

63 2386 87 2409 a
106 2374 291 2412 miracle-

366 108 438 159 92
490 124 492 126 ’
826 107 1092 160 Historia
1129 106 1519 160 Ecclesiastica
1784 115 1890 168 [Lm.
1916 120 1971 159 11.

365 253 609 302 barbaros
658 253 773 303 sine
820 254 994 303 fructu
1046 255 1350 303 residerent.
1451 253 1744 302 Discessere
1799 253 1975 316 itaque

552 334 567 359 ¹
615 337 852 386 Mellitus
900 341 952 386 et
1001 338 1196 400 Iustus,
1252 340 1409 401 atque
1448 339 1512 386 ad
1554 339 1730 400 partes
1774 337 1975 385 Galliae

363 437 631 482 secessere,
656 421 729 469 ibi
753 438 930 469 rerum
956 422 1117 469 finem
1145 424 1440 484 exspectare
1466 421 1815 484 disponentes.
1871 419 1972 468 Sed

359 520 467 551 non
493 504 664 552 multo
690 506 925 567 tempore
949 522 1096 568 reges
1113 504 1144 567 2,
1176 505 1267 567 qui
1282 521 1592 567 praeconem
1612 521 1641 552 a
1661 521 1715 552 se
1736 502 1974 552 ueritatis

358 588 680 650 expulerant,
736 588 1055 636 daemonicis
1108 588 1336 636 cultibus
1395 587 1597 650 inpune
1655 586 1969 636 seruiebant.

361 671 498 718 Nam
533 671 726 733 egressi
760 674 940 719 contra
975 674 1190 733 gentem
1229 671 1571 720 Geuissorum
1603 671 1660 718 in
1692 670 1968 733 proelium,

364 337 534 399 primo

363 771 548 802 omnes
584 754 777 817 pariter
813 772 933 803 cum
971 772 1064 804 sua
1098 755 1288 804 militia
1324 757 1660 816 corruerunt;
1705 768 1813 816 nec,
1852 754 1975 802 licet

363 838 660 887 auctoribus
697 837 931 900 perditis,
962 838 1246 887 excitatum
1272 840 1336 887 ad
1363 839 1556 887 scelera
1581 838 1773 900 uulgus
1798 838 1974 900 potuit

362 921 617 984 recorrigi,
649 924 805 984 atque
829 923 893 971 ad
920 922 1315 988 simplicitatem
1341 922 1463 970 fidei
1489 924 1541 970 et
1566 921 1809 983 caritatis,
1841 938 1973 985 quae
2001 940 2020 962 2
2042 929 2129 965 Cor·
2151 929 2204 964 xi-

362 1007 439 1053 est
464 1005 520 1052 in
547 1005 768 1067 Christo,
800 1006 1043 1056 reuocari.

1020 1205 1173 1255 CAP.
1217 1205 1311 1254 VI.

367 1335 413 1370 Ut
433 1336 623 1379 correptus
635 1334 684 1370 ab
703 1335 866 1379 apostolo
882 1335 987 1370 Petro
1004 1335 1244 1370 Laurentius
1263 1334 1533 1370 Aeodbaldvm
1547 1330 1560 1351 3
1572 1344 1695 1379 reyem
1709 1334 1761 1369 acl
1777 1334 1972 1369 Christum

373 1402 609 1449 converterit,
635 1402 704 1446 qui
724 1412 812 1437 mox
832 1402 1024 1437 Mellitum
1046 1403 1077 1437 et
1097 1402 1258 1437 Iustam
1278 1403 1329 1437 ad
1342 1402 1660 1446 prcceclz'ccmclwn
1679 1401 1918 1436 remeaverit
1932 1397 1959 1437 ⁴.

430 1513 552 1561 CUM
586 1530 711 1560 uero
749 1514 800 1560 et
838 1512 1153 1562 Laurentius
1178 1513 1444 1561 Mellitum
1482 1512 1797 1575 lustumque
1834 1529 1972 1560 secu·

359 1598 511 1644 turus
558 1614 615 1644 ac
659 1596 978 1644 Brittaniam
1021 1599 1157 1645 esset
1200 1596 1488 1657 relicturus,
1531 1595 1684 1644 iussit
1722 1596 1835 1658 ipsa
1872 1595 1972 1644 sibi

359 1682 510 1728 nocte
537 1680 592 1728 in
622 1680 836 1728 ecclesia
860 1681 1132 1728 beatorum
1164 1680 1522 1743 apostolorum
1548 1679 1694 1728 Petri
1718 1682 1770 1727 et
1796 1678 1967 1740 Pauli,

359 1763 422 1811 de
465 1780 566 1826 qua
609 1764 908 1826 frequenter
950 1763 1056 1812 iam
1099 1763 1342 1825 diximus,
1387 1766 1614 1812 stratum
1656 1762 1859 1825 parari;
1910 1762 1968 1810 in

359 1863 474 1909 quo,
499 1864 619 1894 cum
643 1849 760 1909 post
786 1847 981 1895 multas
1005 1864 1183 1910 preces
1208 1864 1265 1895 ac
1290 1846 1532 1895 lacrimas
1556 1848 1618 1895 ad
1641 1846 1934 1895 Dominum
1951 1847 1967 1871 ⁵

356 1947 449 1992 pro
486 1932 625 1978 statu
661 1930 903 1978 ecclesiae
927 1931 1069 1979 fusas
1102 1932 1166 1979 ad
1204 1931 1579 1994 quiescendum
1616 1930 1852 1978 membra
1883 1947 1966 1993 po·

356 2013 560 2074 suisset,
615 2017 771 2076 atque
821 2014 1178 2075 obdormisset,
1232 2014 1471 2077 apparuit
1529 2014 1577 2062 ei
1631 2014 1966 2062 beatissimus

356 2098 711 2159 apostolorum
738 2098 992 2160 princeps,
1025 2100 1078 2146 et
1106 2098 1276 2146 multo
1302 2098 1458 2146 illum
1482 2100 1717 2160 tempore
1741 2100 1964 2146 secretae

356 2181 525 2228 noctis
572 2181 794 2244 flagellis
843 2181 1124 2230 artioribus
1172 2181 1401 2230 afficiens
1450 2181 1808 2230 sciscitabatur
1853 2198 1967 2243 apo-

357 2264 538 2313 stolica
563 2264 900 2326 districtione,
929 2282 1089 2328 quare
1114 2283 1340 2328 gregem,
1368 2283 1525 2328 quem
1550 2265 1650 2314 sibi
1674 2266 1785 2328 ipse
1811 2265 1967 2313 credi-

357 2349 514 2408 derat,
564 2348 897 2410 relinqueret,
943 2349 1028 2396 uel
1072 2349 1155 2397 cui
1197 2352 1465 2411 pastorum
1508 2366 1631 2398 oues
1675 2349 1872 2397 Christi
1908 2349 1964 2397 in
1997 2360 2207 2397 cfiMatth.

356 2431 530 2480 medio
556 2432 803 2494 luporum
828 2431 1023 2493 positas
1047 2432 1253 2493 fugiens
1277 2432 1386 2495 ipse
1417 2432 1707 2480 dimitteret
1722 2433 1772 2481 ⁶.'
1852 2434 1964 2481 ‘An
1995 2413 2141 2497 {3126}-
2161 2473 2208 2496 12·

356 2515 496 2576 mei,⁷
537 2515 723 2577 inquit,
784 2515 1008 2563 ‘oblitus
1057 2532 1111 2563 es
1160 2516 1403 2579 exempli,
1453 2516 1542 2579 qui
1588 2534 1683 2579 pro
1730 2516 1964 2578 paruulis

357 2598 566 2660 Christi,
593 2615 742 2661 quos
778 2598 912 2646 mihi
948 2599 1005 2646 in
1041 2599 1297 2648 indicium
1334 2617 1456 2648 suae
1494 2601 1788 2648 dilectionis
1831 2617 1963 2648 com·
1993 2618 2043 2655 of.
2067 2618 2154 2653 1011.

357 2682 709 2744 mendauerat,
764 2683 989 2745 uincula,
1044 2683 1272 2743 uerbera,
1323 2700 1562 2744 carceres,
1617 2684 1957 2744 adflictioneS,
1992 2668 2075 2704 xxi.
2091 2679 2208 2713 ¹5‘¹⁷‘

357 2764 527 2827 ipsam
551 2769 814 2828 postremo
838 2769 1081 2828 mortem,
1107 2769 1331 2814 mortem
1357 2768 1533 2814 autem
1560 2767 1736 2827 crucis,
1762 2767 1825 2814 ab
1850 2766 1962 2814 infi-
1994 2774 2043 2833 cf.
2066 2774 2171 2809 Phil.

358 2849 562 2898 delibus
582 2853 633 2898 et
658 2851 889 2899 inimicis
909 2851 1106 2899 Christi
1132 2851 1240 2913 ipse
1268 2867 1389 2898 cum
1409 2850 1616 2899 Christo
1637 2852 1965 2899 coronandus
1994 2838 2035 2861 n'
2057 2827 2089 2860 8'

355 2933 619 2994 pe1·tuli?'
686 2934 789 2983 His
824 2934 963 2983 beati
1000 2934 1147 2982 Petri
1176 2934 1396 2997 flagellis
1437 2934 1596 2982 simul
1635 2952 1697 2982 ex
1733 2935 1964 2983 exhorta-

410 3071 425 3095 1
459 3073 604 3122 primo
627 3077 765 3112 altered
785 3079 818 3112 to
840 3074 922 3113 -mi
944 3075 976 3114 C
998 3087 1008 3123 3
1039 3073 1120 3111 -mi
1141 3073 1191 3113 B.
1333 3073 1347 3096 ²
1377 3087 1500 3125 reges
1521 3088 1594 3114 om.
1617 3076 1676 3116 M.
1816 3074 1830 3096 3
1860 3074 1960 3113 ead-

356 3137 541 3177 baldum
564 3139 608 3177 C.
630 3140 680 3179 Β.
699 3154 771 3179 om.
795 3141 848 3180 N.
991 3138 1005 3161 4
1036 3141 1176 3179 -cauit
1199 3141 1244 3180 C.
1386 3142 1401 3164 ⁵
1431 3141 1566 3180 deum
1588 3142 1631 3182 O.
1650 3142 1700 3182 B.
1843 3144 1858 3167 ⁶
1887 3144 1959 3183 de-

355 3202 411 3241 M.
431 3204 477 3244 O.
