2240 3444
42 2545 84 2580 79
103 2535 138 2569 b.

256 85 351 126 Cn.
376 83 469 134 XI]
768 81 958 135 Gentis
998 86 1043 136 A
1061 89 1332 155 mystarum.
1721 108 1820 155 225

253 218 416 278 tinuo‚
442 221 576 282 quod
598 225 772 270 mente
793 234 1103 289 conceperat.
1131 235 1366 295 exploret.
1424 241 1670 292 I‘‹=1·‹111‹·t21
1693 265 1825 295 11:111}-

252 317 353 362 que
390 318 418 348 a
453 303 643 363 puellis
676 307 782 353 suis
815 309 877 355 ad
913 316 1296 371 monasterium,
1329 322 1472 380 quia¹
1511 325 1557 370 in
1598 330 1822 386 proximo

253 385 373 442 erat,
416 384 504 431 ubi
553 385 710 434 fidem
759 405 878 437 suae
928 395 1208 444 sanationis
1252 400 1501 459 integram
1542 424 1594 451 so
1644 410 1822 456 haluw-

251 465 477 526 professa
516 470 606 528 est,
648 471 937 520 introducta
979 478 1054 525 est
1097 479 1157 525 ad
1198 484 1556 542 cymiterium:
1605 493 1666 540 vt,
1709 510 1821 538 vum

250 547 443 595 ibidem
492 549 687 598 diutius
734 553 879 601 flexis
926 559 1145 617 genibus
1193 567 1368 619 oraret,
1425 568 1586 615 nihilo
1635 573 1824 619 tanlius

250 631 440 677 meruit
484 634 725 682 exaudiri.
805 636 939 684 Nam
980 657 1258 703 exsurgens
1294 646 1356 693 ab
1393 651 1631 702 oratione,
1673 655 1825 713 prius·

249 728 404 773 quam
439 714 601 762 exiret
633 716 696 763 de
730 717 852 777 loco,
886 723 1076 780 petitae
1112 724 1241 772 lucis
1272 731 1483 788 gratiam
1522 736 1738 794 1·‹·=(e‹›1›it;
1776 739 1824 782 vt

249 810 379 856 quae
414 795 726 846 famularum
763 803 1004 851 manibus
1044 806 1261 856 adducta
1302 810 1478 871 fuerat,
1522 814 1627 874 ipsa
1670 816 1825 863 libero

247 877 438 938 pedum
471 879 675 928 incessu
702 882 916 931 domum
950 885 1080 934 laeta
1106 906 1308 939 reuersa
1335 895 1443 953 est3
1481 897 1620 956 quasi
1646 899 1706 945 ad
1735 899 1826 945 hoo

247 959 577 1010 solummodo
619 964 788 1013 lucem
830 968 1090 1019 amitteret
1134 974 1484 1036 temporalem,
1527 981 1596 1035 ut,
1639 984 1827 1041 quanta

246 1045 451 1091 sanctos
476 1045 669 1094 Christi
693 1047 782 1095 lux
808 1049 862 1096 in
888 1052 1052 1112 caelis,
1085 1071 1212 1115 quae
1245 1059 1407 1118 gratia
1437 1060 1645 1108 uirtutis
1677 1064 1827 1123 possi-

246 1124 404 1187 deret,
436 1142 527 1175 sua
552 1130 820 1178 sanatione
847 1132 1235 1186 demonstraret.

893 1341 1045 1392 CAP.
1090 1345 1185 1394 XI.

304 1450 351 1485 Ut
366 1460 433 1486 rex
450 1452 618 1489 eiusdem
632 1456 860 1498 prouinciae
882 1458 991 1493 Sebbz'
1016 1461 1060 1495 in
1081 1464 1328 1499 monachichcz
1351 1466 1472 1501 uitam
1495 1470 1774 1505 cmzuersafz'cnae

952 1530 1116 1572 finierit.

311 1616 388 1664 Eo
424 1619 656 1680 tempore
693 1626 921 1683 praeerat
957 1642 1113 1688 regno
1147 1629 1488 1679 Orientalium
1505 1636 1519 1647 ”
1547 1633 1818 1685 Saxonum.
1855 1650 2075 1706 chamo&

242 1702 301 1747 ut
326 1699 465 1748 idem
489 1702 645 1750 etiam
678 1703 886 1756 libellus
911 1708 1069 1768 docet,
1103 1711 1183 1757 uir
1206 1713 1431 1761 multum
1457 1715 1564 1763 Deo
1591 1717 1817 1769 deuotus,
1854 1700 2106 1791 ῗὲἰῗέζξξέὶὶω

242 1782 455 1830 nomine
492 1784 647 1833 sebbi
663 1788 691 1846 ³³,
728 1789 873 1837 cuius
910 1806 1064 1853 supra
1100 1796 1448 1845 meminimus.
1525 1797 1648 1845 Erat
1684 1801 1821 1846 enim
1854 1799 2019 1883 ggxsfms.

241 1864 524 1927 religiosis⁴
550 1869 760 1930 actibus,
792 1872 983 1920 crebris
1014 1876 1260 1936 precibus,
1292 1879 1391 1939 piis
1423 1879 1822 1943 elimosynarum

239 1947 496 1997 fructibus
530 1951 820 2012 plurimum
857 1954 1124 2018 intentus3
1162 1958 1321 2007 uitam
1355 1961 1608 2022 priuatam
1638 1967 1687 2011 et
1723 1981 1824 2011 mo-

239 2031 506 2078 nachicam
531 2034 728 2082 cunctis
751 2038 899 2098 regni
920 2039 1115 2087 diuitiis
1135 2043 1185 2088 et
1210 2042 1492 2090 honoribus
1516 2046 1816 2106 praeferens,

239 2128 395 2174 quam
430 2117 481 2162 et
515 2115 641 2164 olim
678 2119 795 2179 iam,
827 2119 870 2166 si
907 2137 1013 2168 non
1044 2122 1327 2171 obstinatus
1360 2127 1589 2188 coniugis
1621 2129 1823 2175 animus

238 2195 522 2245 diuortium
537 2203 760 2262 negaret,
783 2202 959 2251 relicto
979 2221 1136 2266 regno
1157 2207 1389 2255 subisset.
1436 2208 1587 2256 Unde
1612 2210 1789 2257 multis
1806 2211 1820 2231 ⁵

240 2279 414 2327 uisum
457 2282 508 2328 et
545 2297 696 2344 saepe
738 2284 935 2333 dictum
976 2289 1065 2347 est,
1111 2289 1229 2349 quia
1271 2290 1390 2337 talis
1430 2291 1590 2337 animi
1634 2292 1814 2345 uirum,

241 2361 538 2424 episcopum
558 2367 723 2428 magis
738 2383 893 2428 quam
910 2385 1082 2431 regem
1104 2370 1326 2418 ordinari
1344 2372 1549 2420 deceret.
1593 2373 1820 2434 Cumque

238 2459 404 2492 annos
441 2446 599 2494 XXX
637 2449 693 2496 in
728 2466 885 2512 regno
921 2452 1072 2499 miles
1109 2453 1254 2515 regni
1291 2454 1520 2501 caelestis
1555 2455 1812 2516 exegisset,

239 2529 504 2589 correptus
538 2532 615 2577 est
649 2533 872 2593 corporis
907 2534 910 2595 Ι
943 2534 1247 2582 infirmitate
1283 2537 1610 2596 permaxima,
1641 2553 1737 2597 qua
1767 2540 1815 2583 et

238 2612 479 2658 mortuus
520 2614 632 2671 est;
685 2616 1080 2678 ammonuitque
1122 2617 1406 2678 coniugem,
1456 2620 1513 2664 ut
1562 2617 1640 2664 uel
1693 2620 1812 2664 tunc

239 2690 420 2739 diuino
457 2708 511 2740 se
554 2696 766 2743 seruitio
807 2697 999 2758 pariter
1036 2699 1396 2760 manciparent,
1439 2715 1554 2745 011111
1595 2699 1814 2759 amplius

238 2773 430 2834 pariter
467 2778 727 2824 mundum
765 2779 1020 2840 amplecti,
1061 2780 1144 2827 uel
1183 2781 1355 2841 potius
1394 2781 1588 2827 mundo
1625 2781 1813 2827 seruire

240 2871 347 2903 non
382 2861 610 2918 possent.
686 2860 832 2920 Quod
859 2862 984 2909 dum
1017 2878 1135 2923 egre
1167 2864 1443 2923 inpetraret
1474 2862 1536 2908 ab
1571 2879 1638 2914 ea,
1671 2863 1813 2908 uenit

239 2938 304 2986 ad
335 2939 626 2989 antistitem
653 2941 956 2991 Lundoniae
980 2944 1215 3002 ciuitatis,
1248 2943 1491 2990 uocabulo
1520 2943 1806 3001 Ualdlie1·i'³,

295 3082 309 3106 ¹
337 3087 455 3135 quod
478 3088 531 3127 N.
654 3087 671 3113 ²
701 3090 1044 3128 occidentalium
1067 3091 1120 3129 N.
1237 3089 1251 3110 ³
1282 3090 1409 3128 sebbe
1431 3089 1494 3128 C¹.
1613 3089 1625 3110 ⁴
1655 3102 1744 3127 -sus
1766 3090 1812 3129 C.

237 3152 253 3175 ⁵
281 3155 396 3193 ·tum
419 3155 477 3194 M.
500 3156 574 3203 H..
740 3159 755 3181 ὓ
783 3159 897 3196 ualt—
919 3158 956 3196 N
980 3171 988 3205 ;
1018 3158 1259 3196 uualdhere
1282 3158 1327 3196 C.

1009 3244 1038 3284 Q
