2240 3444
29 1506 114 1542 iob.

216 129 314 166 CAP.
336 123 494 175 XX11.]
718 117 907 169 Gentis·
948 120 993 169 A
1010 121 1283 187 stylorum.
1689 130 1785 178 173

213 263 274 311 ad
318 279 372 310 se
410 262 463 309 in
505 261 858 309 ministerium
901 265 1240 313 ordinationis
1288 268 1401 314 aliis
1449 270 1646 316 duobus
1693 273 1789 332 wi-

214 345 392 407 scopis.
460 343 559 404 Qui
596 347 799 405 accepto
832 346 989 406 gradu
1030 347 1348 408 episcopatus
1393 351 1539 397 rediit
1583 353 1641 398 :ul
1686 371 1786 412 pro-

216 427 456 487 uinciam,
490 429 540 474 et
566 425 761 473 maiore
796 428 1100 475 auctorstato
1137 433 1372 490 coeptum
1405 449 1530 491 opus
1563 435 1784 493 vxph-ns.

215 509 337 557 fecit
373 526 465 571 per
505 508 615 556 loca
651 508 902 569 ecclesias,
942 510 1270 573 presbyteros
1308 516 1357 560 et
1396 514 1632 560 diacono>
1670 516 1793 561 ‹mli-

213 592 373 652 nauit,
415 591 505 653 qui
554 608 608 638 se
646 591 703 638 in
741 591 898 639 uerbo
935 592 1057 639 fidei
1095 596 1145 640 et
1182 594 1468 641 ministerio
1508 596 1791 655 baptizandi

212 674 531 733 adiuuarent,
564 673 791 721 maxime
824 673 878 720 in
908 674 1128 734 ciuitate,
1161 692 1289 736 quae
1326 676 1502 738 lingua
1536 678 1792 723 Saxonum

212 756 609 805 Ythancaestir¹
639 756 937 817 appellatur,
969 757 1057 804 sed
1084 760 1134 804 et
1158 757 1213 804 in
1239 757 1341 817 illa,
1368 776 1496 820 quae
1522 759 1795 819 Tilaburg²

213 839 642 901 cognominatur,
682 855 903 900 quorum
930 839 1069 900 prior
1093 839 1234 887 locus
1264 843 1340 887 est
1366 841 1419 887 in
1447 841 1554 901 ripa
1587 841 1760 887 Penta·
1782 841 1796 863 ³

212 921 394 982 amnis,
426 922 682 969 secundus
707 920 763 968 in
789 924 901 982 ripa
926 922 1206 969 Tamensis.
1268 922 1334 968 In
1359 923 1558 983 quibus,
1590 923 1797 969 collecto

213 1005 448 1052 examine
467 1004 785 1051 famulorum
805 1003 1011 1063 Christi,
1034 1004 1361 1066 disciplinam
1381 1005 1516 1052 uitae
1536 1005 1792 1067 regularis,

213 1087 267 1135 in
308 1089 563 1149 quantum
605 1087 758 1134 rudes
796 1086 963 1133 adhuc
1006 1103 1183 1148 capere
1218 1089 1468 1148 poterant,
1517 1087 1760 1134 custodiri
1784 1090 1796 1109 ⁴

213 1171 398 1218 docuit.

281 1254 516 1315 Cumque
554 1255 787 1314 tempore
825 1268 931 1299 non
969 1268 1128 1313 pauco
1166 1251 1221 1299 in
1260 1252 1483 1313 praefata
1520 1251 1793 1314 prouincia,
1833 1265 2052 1319 ,xitum-rur

214 1337 472 1399 gaudente
520 1351 652 1398 rege,
706 1335 1060 1397 congaudente
1118 1334 1360 1382 uniuerso
1408 1334 1609 1396 populo,
1664 1334 1799 1381 uitae
1832 1315 2000 1354 sudu-rt.

215 1418 449 1466 caelestis
490 1417 752 1466 institutio
802 1416 1119 1465 cotidianum
1167 1418 1393 1464 sumeret
1440 1418 1793 1477 augmentum,

216 1501 434 1563 contigit
474 1501 646 1563 ipsum
689 1517 864 1562 regem
911 1499 1191 1561 instigante
1240 1499 1474 1546 omnium
1509 1496 1512 1561 ί
1545 1498 1798 1545 bonorum

214 1584 443 1645 inimice,
473 1586 885 1647 propinquorum
911 1600 1124 1631 suorum
1149 1599 1307 1630 manu
1332 1582 1563 1630 interfici.
1640 1581 1799 1628 Erant

216 1670 392 1716 autem
419 1667 520 1714 duo
553 1667 787 1730 germani
811 1667 1009 1726 fratres,
1041 1666 1132 1727 qui
1155 1665 1251 1712 hoc
1275 1665 1474 1712 facinus
1499 1666 1765 1726 patrarunt
1790 1681 1800 1721 ;

217 1750 306 1812 qui
331 1767 451 1797 cum
475 1750 928 1812 interrogarentur,
960 1765 1115 1811 quare
1151 1748 1247 1796 hoc
1284 1747 1520 1806 facerent,
1553 1746 1626 1793 nil
1664 1745 1799 1792 aliud

215 1834 526 1895 respondere
561 1835 856 1895 potuerunt,
888 1832 991 1879 nisi
1028 1831 1125 1878 ob5
1149 1831 1244 1878 hoc
1281 1846 1334 1877 se
1369 1830 1525 1876 iratos
1560 1827 1717 1875 fuisse
1754 1829 1804 1873 et

216 1918 457 1966 inimicos
494 1917 616 1980 regi,
647 1916 783 1979 quod
818 1915 909 1964 ille
946 1914 1169 1962 nimium
1208 1912 1314 1961 suis
1349 1928 1552 1974 parcere
1589 1910 1773 1957 soleret
1790 1910 1803 1929 ‘³

216 2001 456 2062 inimiciS,
502 2003 551 2048 et
590 2000 749 2048 factas
787 1999 850 2047 ab
889 1998 962 2046 eis
1000 1997 1216 2045 iniurias
1254 2012 1376 2043 mox
1419 1991 1805 2042 obsecrantibus

216 2084 417 2147 placida
450 2084 626 2130 mente
656 2082 956 2130 dimitteret.
1033 2079 1172 2127 Talis
1210 2080 1318 2126 erat-
1355 2077 1503 2139 culpa
1538 2075 1683 2137 regis,
1714 2091 1804 2135 pro

218 2183 320 2229 qua
367 2166 695 2225 occideretur,
750 2164 888 2226 quod
948 2161 1244 2224 euangelica
1303 2161 1569 2222 praecepta
1621 2158 1805 2204 denoto

218 2249 367 2298 corde
407 2251 650 2297 seruaret.
746 2247 814 2294 In
855 2263 955 2308 qua
997 2248 1174 2293 tamen
1214 2244 1324 2291 eius
1366 2244 1532 2289 morte
1579 2238 1799 2296 innoxia,

217 2334 362 2381 iuxta
393 2331 716 2394 praedictum
741 2329 843 2378 uiri
868 2330 978 2389 Dei,
1009 2344 1131 2376 uera
1167 2329 1244 2374 est
1281 2325 1390 2372 eius
1424 2323 1571 2385 culpa
1606 2320 1799 2383 punita.

219 2416 489 2464 Habuerat
537 2413 680 2462 enim
728 2429 866 2461 unus
915 2428 976 2459 ex
1024 2411 1121 2470 his,
1181 2409 1270 2471 qui
1319 2424 1436 2454 eum
1493 2405 1798 2461 occiderunt,

220 2498 498 2547 comitibus
534 2496 799 2545 inlicitum
837 2493 1172 2556 coniugium;
1210 2490 1346 2553 quod
1384 2504 1500 2536 cum
1540 2486 1803 2547 episcopus

219 2580 490 2645 prohibere
530 2583 581 2628 et
624 2578 876 2641 corrigere
918 2593 1024 2624 non
1072 2575 1258 2637 posset,
1306 2565 1802 2618 excommunicauit⁷

223 2680 344 2711 eum
380 2665 535 2724 atque
572 2660 831 2720 omnibus,
863 2659 952 2722 qui
990 2675 1043 2706 se
1081 2656 1256 2705 audire
1295 2653 1504 2708 uellent,
1534 2645 1797 2711 praecepit.

156 2747 167 2756 ⁶
225 2763 290 2793 ne
320 2745 537 2792 domum
562 2743 672 2791 eius
697 2742 968 2801 intrarent,
999 2755 1164 2801 neque
1202 2737 1263 2784 de
1300 2734 1426 2782 cibis
1457 2731 1598 2778 illius
1623 2727 1804 2788 accipe-

222 2830 353 2875 rent.
431 2825 721 2876 Contemsit
756 2827 932 2873 autem
969 2839 1060 2870 rex
1110 2820 1450 2883 praeceptum,
1500 2816 1549 2860 et
1598 2812 1804 2871 rogatu-S

277 2989 291 3010 ¹
321 2992 407 3028 -ter
427 2987 460 3026 C
479 3001 489 3036 3
519 2989 610 3037 —tyr
630 2987 684 3026 N.
959 2982 973 3004 ²
1002 2982 1120 3021 tiila-
1142 2978 1185 3018 C¹
1205 2992 1213 3026 ;
1244 2977 1358 3015 tilla·
1380 2974 1441 3012 (¹²¹.
1464 2972 1514 3010 132·
1533 2984 1540 3016 ;
1570 2971 1729 3017 -burug
1751 2967 1802 3005 N.

223 3057 238 3079 ³
266 3056 428 3105 pacnte
463 3052 540 3101 C¹;
583 3054 720 3102 pante
753 3049 830 3099 Οἱς
860 3051 995 3099 pente
1030 3045 1183 3095 13¹(‘?1;
1226 3044 1371 3092 pentae
1405 3038 1484 3084 13²3
1532 3037 1715 3085 paontae
1751 3032 1801 3103 N.

223 3121 237 3143 ⁴
268 3134 330 3159 -re
351 3120 398 3158 G.
420 3120 474 3158 N.
643 3117 657 3138 ⁵
688 3117 742 3156 ab
764 3116 817 3155 N.
838 3114 902 3154 0².
1068 3112 1082 3134 ὓ
1112 3110 1222 3149 solet
1243 3107 1301 3146 M.
1467 3101 1479 3121 Τ
1510 3109 1801 3139 excommoni-

224 3188 343 3226 cauit
363 3185 423 3224 M.
444 3184 498 3224 N.
