2240 3444
377 152 484 203 268
831 149 888 201 Η
897 149 1030 201 istor
1038 148 1096 200 ία
1134 145 1525 200 Ecclesiastica
1773 152 1882 203 [Lm.
1906 157 1977 193 iv.

376 297 535 345 simul
554 299 605 345 et
622 313 744 345 suae
763 296 900 344 uitae
920 295 1171 344 solacium
1192 295 1380 342 deuota
1400 294 1510 341 Deo
1530 290 1730 340 doctrix
1749 289 1972 338 inuenit.

85 387 253 423 Aldfrid
376 380 634 429 Successit
673 382 853 428 autem
890 378 1136 441 Ecgfrido
1175 378 1231 425 in
1271 393 1494 439 regnum
1533 373 1760 434 Aldfrid,
1802 372 1884 420 uir
1920 372 1978 420 in

85 438 289 473 succeeds.
375 463 647 525 scripturis
686 462 1033 522 doctissimus,
1075 460 1166 523 qui
1201 461 1358 508 frater
1395 459 1506 506 eius
1543 460 1594 505 et
1631 456 1774 504 filius
1814 456 1979 504 Osuiu

374 546 511 608 regis
558 563 669 594 esse
713 546 1012 606 dicebatur3
1066 545 1495 604 destructumque
1548 539 1697 602 regni
1758 541 1970 598 statum,

376 629 618 692 quamuis
642 629 783 677 intra
808 629 941 677 fines
967 628 1307 691 angustiores,
1333 625 1583 674 nobiliter
1608 622 1947 685 recuperauit.

84 721 220 756 Death
240 723 285 756 01·
446 713 558 773 Quo
584 713 828 761 uidelicet
854 729 1005 770 anno,
1033 711 1123 774 qui
1148 713 1226 759 est
1250 710 1314 758 ab
1334 708 1687 757 incarnatione
1714 706 1978 754 dominica

82 771 328 865 {3133}
375 795 755 856 DCLXXXV„
799 794 1048 843 Hlotheri
1098 792 1498 842 Cantuariorum
1540 807 1643 851 rex,
1694 807 1815 838 cum
1858 791 1978 851 post

82 871 343 956 {xgffiohyin
374 876 752 942 Ecgberctuml
788 878 1005 926 fratrem
1049 894 1218 935 suum,
1268 876 1359 938 qui
1390 874 1567 923 VIIII
1607 872 1762 921 annis
1799 889 1977 936 regna-

201 949 208 955 ·
372 964 533 1022 uerat,
583 962 690 1023 ipse
728 961 842 1008 XII
878 961 1032 1008 annis
1065 962 1346 1022 regnasset,
1386 960 1627 1006 mortuus
1669 958 1778 1004 erat
1813 956 1969 1004 VIII.

374 1045 503 1092 Idus
553 1044 868 1092 Februarias,
907 1042 912 1108 Ι
947 1044 1270 1092 Uulneratus
1308 1058 1534 1103 namque
1583 1043 1660 1088 est
1702 1041 1758 1087 in
1800 1057 1978 1103 pugna
2006 1049 2033 1085 f.
2055 1061 2102 1096 94
2123 1051 2189 1086 b.·

373 1127 701 1175 Australium
743 1128 1022 1182 Saxonum,
1068 1143 1199 1189 quos
1245 1128 1424 1173 contra
1467 1141 1590 1172 eum
1634 1123 1792 1171 Edric
1834 1124 1976 1172 filius

374 1210 675 1273 Ecgberctil
704 1211 1018 1273 adgregarat,
1056 1212 1108 1258 et
1145 1210 1284 1258 inter
1318 1209 1640 1262 medendum
1674 1207 1970 1256 defunctus.

373 1301 452 1342 Ac
487 1296 604 1355 post
647 1311 768 1341 eum
808 1294 948 1342 idem
991 1294 1147 1342 Edric
1186 1310 1324 1342 anno
1369 1310 1475 1340 uno
1516 1308 1573 1339 ac
1611 1291 1831 1339 dimidio
1869 1307 1977 1353 reg-

373 1378 552 1438 nauit3
590 1395 693 1440 quo
728 1378 988 1439 defuncto,
1027 1394 1249 1440 regnum
1282 1377 1416 1424 illud
1450 1375 1693 1438 aliquod²
1723 1374 1976 1437 temporis

371 1461 600 1521 spatium
625 1477 770 1523 reges
797 1461 943 1508 dubii
969 1462 1053 1508 uel
1079 1460 1285 1509 externi
1315 1460 1737 1522 disperdiderunt
1764 1477 1774 1519 3
1812 1459 1974 1506 donec

370 1543 637 1606 legitimus
675 1560 764 1591 rex
806 1544 1072 1605 Uictred³,
1108 1544 1159 1592 id
1201 1546 1279 1592 est
1315 1544 1455 1592 filius
1494 1542 1817 1606 Ecgbercti4,
1860 1559 1974 1590 con-

370 1625 594 1674 fortatus
627 1627 682 1674 in
715 1643 890 1689 regno,
921 1627 1170 1690 religione
1198 1627 1358 1675 simul
1392 1629 1443 1675 et
1474 1626 1731 1675 industria
1760 1628 1975 1688 gentem

376 1725 526 1757 suam
553 1709 616 1757 ab
644 1712 889 1759 extranea
915 1710 1183 1758 inuasione
1210 1711 1469 1760 liberaret.

836 1908 989 1957 CAP.
1033 1909 1188 1958 XXV
1226 1906 1504 1976 [XXVII]

374 2035 421 2071 Ut
440 2036 506 2071 uir
520 2036 680 2071 Domini
703 2034 909 2072 Cudberct⁵
928 2038 978 2072 sit
998 2038 1340 2082 episcopusfactus
1356 2052 1371 2085 ,·
1402 2041 1518 2084 utque
1538 2040 1582 2076 in
1602 2041 1829 2077 monachica
1843 2041 1973 2077 adhuc

821 2106 907 2140 uita
921 2107 1073 2149 positus
1092 2107 1235 2143 uixerit
1255 2108 1314 2144 uel
1334 2109 1516 2145 docuerit.

79 2224 166 2259 Life
187 2224 232 2258 of
437 2213 558 2261 Ipso
585 2213 744 2262 etiam
764 2231 916 2275 anno,
944 2233 1046 2278 quo
1066 2216 1227 2265 finem
1249 2219 1388 2268 uitae
1413 2221 1608 2282 accepit
1628 2237 1720 2268 rex
1739 2220 1964 2283 Ecgstid,

80 2275 292 2312 Cutvhberss.
368 2296 681 2358 episcopum,
726 2300 784 2345 ut
814 2298 1054 2360 diximus,
1092 2300 1282 2350 fecerat
1319 2303 1550 2351 ordinari
1583 2303 1971 2352 Lindisfarnen-

367 2379 506 2427 sium
556 2380 799 2428 ecclesiae
840 2381 1017 2429 uirum
1060 2387 1299 2432 sanctum
1343 2389 1395 2434 et
1438 2387 1793 2436 uenerabilem
1841 2389 1972 2437 Oud-

367 2462 607 2510 berctum
627 2463 656 2523 ⁶,
707 2464 796 2525 qui
832 2464 886 2511 in
930 2464 1103 2513 insula
1144 2469 1452 2531 permodica,
1503 2488 1634 2533 quae
1675 2472 1970 2534 appellatur

368 2545 550 2606 Fame,
605 2549 658 2594 et
705 2548 769 2595 ab
818 2549 998 2596 eadem
1047 2550 1261 2599 ecclesia
1308 2569 1500 2602 nouem
1548 2555 1715 2603 ferme
1757 2557 1971 2604 milibus

366 2645 617 2690 passuum
651 2629 708 2677 in
741 2631 945 2679 Oceano
974 2633 1153 2694 procul
1180 2634 1338 2695 abest,
1369 2637 1536 2685 uitam
1566 2639 1852 2687 solitariam
1877 2657 1971 2703 per

366 2727 534 2759 annos
566 2712 743 2774 plures
774 2713 830 2761 in
861 2730 1050 2777 magna
1080 2718 1305 2779 corporis
1338 2720 1390 2766 et
1423 2721 1617 2769 mentis
1650 2723 1971 2771 continentia

368 2794 597 2843 duxerat.
678 2796 777 2856 Qui
806 2798 1017 2859 quidem
1050 2815 1079 2846 a
1108 2801 1277 2861 prima
1309 2805 1476 2851 aetate
1508 2805 1759 2866 pueritiae
1793 2806 1969 2855 studio

367 2877 632 2939 religiosae
653 2879 668 2903 ⁷
694 2880 832 2928 uitae
858 2897 1063 2943 semper
1093 2883 1318 2944 ardebat,
1351 2886 1439 2933 sed
1473 2887 1537 2934 ab
1562 2888 1777 2936 ineunte
1800 2889 1969 2938 adule-

368 2960 565 3009 scentia
601 2962 966 3012 monachicum
1005 2970 1055 3013 et
1093 2982 1289 3014 nomen
1319 2969 1588 3031 adsumsit,
1626 2973 1677 3019 et
1707 2972 1961 3024 habitum.

424 3083 434 3105 ¹
465 3086 659 3125 -bercht-
677 3087 709 3126 C
729 3101 738 3136 ;
769 3089 906 3128 -bert-
929 3089 980 3128 N.
1151 3089 1166 3112 ²
1196 3093 1370 3142 aliquot
1392 3094 1448 3133 M.
1610 3095 1624 3117 ³
1654 3098 1899 3138 uuichtred
1921 3100 1966 3140 C.

367 3150 380 3172 ⁴
412 3152 577 3191 -berhti
601 3153 632 3192 C
655 3167 664 3202 ;
694 3155 830 3194 -berti
853 3156 907 3196 N.
1019 3157 1034 3179 ⁵
1064 3158 1238 3198 -bercht
1260 3159 1291 3198 C
1312 3173 1321 3209 ;
1351 3161 1493 3201 -brect
1514 3162 1566 3203 N.
1684 3164 1699 3187 ⁶
1728 3165 1898 3206 -berht·
1919 3166 1967 3207 C.

366 3215 380 3238 ⁷
409 3230 471 3256 -se
488 3218 547 3258 M.
