2240 3444
77 521 155 557 His
169 521 241 566 joy
259 523 303 557 at

76 572 148 606 the
168 583 262 606 con-

76 621 239 657 version
259 622 305 657 of

76 672 148 707 the

76 722 265 766 English.

81 2524 311 2569 Liturgical

81 2575 280 2612 Reforms.

373 120 440 170 78
486 128 488 130 ’
830 118 896 170 H
899 117 1098 172 istoria
1137 118 1528 172 Ecclesia-stica
1785 129 1892 182 [Lm.
1918 133 1971 171 ΙΙ.

365 265 624 314 bucellam
650 281 822 313 meam
850 266 1003 326 solus,
1037 268 1088 314 et
1122 284 1231 315 non
1269 266 1494 315 comedit
1529 266 1765 329 pupillus
1801 284 1865 315 ex
1901 283 1973 315 ea.

368 349 500 410 Quia
535 349 598 396 ab
634 348 857 396 infantia
893 366 1010 397 mea
1049 350 1212 398 creuit
1250 367 1459 398 mecum
1503 349 1785 410 miseratiO,
1821 352 1873 398 et
1909 351 1973 398 de

367 434 515 480 utero
541 432 724 480 matris
747 449 894 480 meae
921 449 1125 496 egressa
1152 436 1230 481 est
1257 434 1500 482 mecum.’

436 516 522 564 Ad
567 515 713 563 cuius
755 515 962 577 pietatis
1001 518 1052 563 et
1095 516 1327 564 iustitiae
1372 533 1502 579 opus
1544 516 1771 578 pertinet
1815 516 1975 564 etiam

366 599 478 660 hoc,
506 600 644 661 quod
670 601 902 647 nostram
928 601 1140 661 gentem
1164 617 1256 662 per
1280 600 1670 662 praedicatores,
1704 617 1833 662 quos
1869 600 1972 647 huc

369 683 570 743 direxit,
615 683 677 730 de
698 680 712 704 ²
748 682 995 730 dentibus
1031 683 1236 745 antiqui
1272 682 1438 730 hostis
1475 683 1700 744 eripiens
1735 685 1975 731 aeternae

367 765 624 814 libertatis
663 766 784 814 fecit
825 784 934 815 esse
973 767 1314 829 participem,
1371 766 1517 814 cuius
1560 766 1683 814 fidei
1726 769 1776 814 et
1819 766 1976 814 saluti

369 851 712 915 congaudens,
756 867 1017 913 quamque
1054 851 1212 913 digna
1247 850 1401 898 laude
1438 850 1822 911 commendans,
1867 850 1978 912 ipse

368 932 494 981 dicit
519 932 576 980 in
596 933 933 995 Expositione
953 934 1092 982 beati
1112 934 1239 982 Iob:
1275 933 1426 981 ‘Ecce
1451 933 1631 995 lingua
1661 933 1969 994 Brittaniae,

371 1032 502 1078 quae
527 1016 603 1063 nil
628 1016 767 1064 aliud
799 1020 1020 1066 nouerat
1057 1034 1213 1080 quam
1249 1017 1527 1064 barbarum
1546 1015 1561 1039 ’Ζ
1587 1016 1840 1076 frendere,
1871 1017 1977 1065 iam

370 1099 570 1147 dudum
608 1100 664 1146 in
713 1099 909 1148 diuinis
959 1100 1200 1148 laudibus
1245 1099 1517 1148 Hebreum
1558 1099 1726 1161 coepit
1769 1099 1979 1147 alleluia

368 1199 609 1229 resonare
626 1184 656 1231 ³³.
748 1183 879 1231 Ecce
926 1185 1194 1246 quondam
1242 1182 1491 1242 tumidus,
1537 1182 1642 1230 iam
1686 1183 1980 1231 substratus

370 1267 673 1314 sanctorum
716 1267 937 1328 pedibus
980 1267 1141 1315 seruit
1191 1283 1427 1327 oceanus,
1474 1265 1688 1328 eiusque
1735 1266 1979 1314 barbaros

371 1350 559 1410 motus,
615 1366 744 1412 quos
791 1350 987 1397 terreni
1034 1350 1297 1413 principes
1346 1350 1587 1397 edomare
1626 1349 1762 1396 ferro
1805 1349 1980 1412 nequi-

370 1434 570 1493 uerant,
599 1433 697 1480 hos
730 1450 823 1495 pro
859 1433 1040 1482 diuina
1071 1433 1353 1481 formidine
1387 1433 1713 1481 sacerdotum
1740 1449 1829 1480 ora
1854 1433 1978 1480 81111-

370 1515 595 1577 plicibus
642 1517 817 1564 uerbis
870 1517 1050 1579 ligant,
1109 1519 1160 1564 et
1205 1516 1294 1579 qui
1344 1519 1575 1564 cateruas
1622 1517 1977 1579 pugnantium

370 1597 599 1646 infidelis
630 1616 961 1662 nequaquam
998 1601 1267 1660 metueret,
1300 1599 1406 1647 iam
1431 1616 1572 1647 nunc
1600 1599 1769 1647 fidelis
1801 1599 1977 1647 11111111-

370 1681 503 1729 lium
537 1681 745 1745 linguas
784 1683 951 1731 timet.
1031 1683 1164 1744 Quia
1199 1682 1343 1730 enirn
1375 1683 1631 1745 perceptis
1671 1683 1977 1731 caelestibus

371 1765 560 1825 uerbis,
628 1765 1030 1814 clarescentibus
1093 1783 1295 1829 quoque
1356 1766 1635 1827 miraculis,
1701 1766 1871 1814 uirtus
1930 1766 1977 1813 ei

372 1848 581 1896 diuinae
641 1849 954 1912 cognitionis
1014 1850 1326 1911 infunditur,
1391 1850 1627 1897 eiusdem
1687 1849 1980 1897 diuinitatis

370 1933 562 1978 terrore
610 1932 913 1994 refrenatur,
969 1935 1028 1981 ut
1080 1950 1239 1996 praue
1288 1950 1437 1996 agere
1484 1935 1697 1994 metuat,
1753 1950 1809 1981 ac
1856 1933 1981 1981 totis

372 2014 641 2062 desideriis
677 2016 740 2063 ad
778 2016 1106 2064 aeternitatis
1142 2016 1364 2079 gratiam
1401 2016 1582 2064 uenire
1620 2017 1981 2078 concupiscat.'

373 2096 573 2156 Quibus
604 2098 780 2146 uerbis
816 2099 998 2147 beatus
1040 2100 1320 2162 Gregorius
1357 2100 1454 2147 hoc
1493 2116 1698 2162 quoque
1735 2101 1974 2160 declarat,

375 2179 494 2242 quia
531 2183 741 2229 sanctus
778 2182 1109 2244 Augustinus
1147 2186 1199 2231 et
1236 2183 1360 2231 socii
1397 2184 1508 2231 eius
1542 2200 1651 2230 non
1691 2183 1800 2231 sola
1838 2199 1979 2245 prae-

372 2262 628 2311 dicatione
667 2265 961 2325 uerborum,
1010 2267 1100 2314 sed
1141 2266 1300 2314 etiam
1341 2267 1640 2314 caelestium
1681 2266 1979 2314 ostensione

372 2345 643 2408 signorum
680 2350 890 2409 gentem
929 2349 1229 2411 Anglorum
1270 2350 1333 2397 ad
1376 2349 1701 2412 agnitionem
1740 2349 1980 2397 ueritatis

370 2430 735 2491 perducebant.

442 2512 586 2560 Fecit
612 2513 750 2561 inter
780 2513 882 2561 alia
914 2514 1094 2562 beatus
1119 2517 1283 2578 papa4
1311 2515 1605 2578 Gregorius,
1644 2517 1704 2563 ut
1740 2516 1797 2563 in
1826 2516 1979 2564 eccle·

372 2595 463 2643 siis
524 2599 823 2645 sanctorum
877 2598 1231 2660 apostolorum
1286 2598 1433 2646 Petri
1493 2600 1545 2646 et
1607 2599 1763 2646 Pauli
1825 2616 1980 2662 super

373 2696 586 2741 corpora
623 2697 804 2728 eorum
840 2680 1028 2728 missae
1066 2681 1459 2730 celebrarentur.
1539 2682 1638 2730 Sed
1679 2684 1729 2729 et
1772 2682 1827 2729 in
1867 2683 1979 2745 ipsa

372 2762 652 2810 missarum
678 2763 1024 2811 celebratione
1049 2765 1148 2812 tria
1173 2765 1330 2812 uerba
1355 2764 1615 2812 maximae
1639 2765 1977 2828 perfectionis

372 2845 527 2906 plena
586 2846 961 2908 superadiecit:
1029 2847 1285 2910 ‘Diesque
1345 2849 1551 2895 nostros
1611 2848 1668 2896 in
1716 2851 1806 2896 tua
1853 2865 1976 2911 pace

374 2928 631 2990 disponas,
662 2932 816 2992 atque
841 2930 904 2977 ab
930 2932 1142 2979 aeterna
1167 2930 1503 2978 damnatione
1528 2948 1624 2979 nos
1650 2932 1795 2995 eripi,
1828 2934 1878 2979 et
1914 2931 1971 2979 in

374 3011 659 3059 electorum
684 3015 898 3061 tuorum
923 3013 1101 3062 iubeas
1125 3030 1276 3076 grege
1302 3015 1566 3062 numerari
1587 3016 1636 3064 '2’

431 3135 441 3157 ¹
475 3136 530 3174 de
551 3150 623 3176 om.
645 3135 712 3176 Νι.
739 3135 803 3177 C1.
898 3136 915 3162 2
945 3139 1135 3177 barbara
1157 3138 1201 3177 C.
1309 3140 1322 3159 ³¹
1352 3151 1509 3177 sonare
1533 3141 1591 3179 M.
1722 3139 1735 3160 4
1761 3143 1977 3178 obliterated

375 3204 419 3239 in
440 3202 489 3241 B.
512 3216 543 3240 v.
564 3215 605 3252 p.
631 3215 693 3252 73.
808 3203 822 3225 ⁵
853 3215 931 3253 per
951 3207 1060 3255 xpm
1081 3204 1189 3242 dfim
1211 3207 1315 3243 nrm
1336 3208 1416 3243 add
1437 3205 1482 3244 C.

2006 947 2222 983 Libxxvii.

2007 1010 2039 1034 ο.
2064 1011 2076 1032 1
2086 1011 2112 1034 1.
