2240 3444
18 1555 67 1593 cf.
89 1556 150 1592 Ps.

17 1605 166 1642 cxlviii.
181 1618 228 1642 12.

18 2624 44 2661 f.
67 2637 110 2671 95
125 2625 162 2660 b.

691 182 1019 251 Evybcrtccm
1060 188 1329 258 Episcopi!
1345 211 1409 243 m.
1723 199 1826 247 419

262 309 432 358 Deum
470 312 685 369 credere,
723 332 823 376 qua
860 317 1089 366 diuinam
1128 321 1448 370 elenu-utiam
1488 326 1827 386 supplicantes

261 392 481 441 debeant
514 394 788 443 deuotione
825 400 1029 460 precari,
1072 419 1223 462 quam
1269 404 1521 465 sualim-nti
1565 408 1826 465 diligentia

260 475 524 536 signaculo
555 493 610 524 se
644 477 928 528 dominicae
959 482 1121 529 crucis
1147 501 1334 545 suaque
1362 487 1532 533 omnia
1558 489 1822 536 adue-isnin

261 557 533 605 continuas
580 559 974 609 immundorum
1023 564 1298 625 spirituum
1362 568 1566 615 insidias
1627 587 1827 616 necess«-

262 639 487 687 habeant
507 642 724 702 munire,
748 660 902 705 quam
923 646 1159 693 salutaris
1179 647 1245 694 sit
1265 649 1404 694 omni
1427 650 1825 699 Cln·isti:ui‹.›runi

260 721 466 784 generi¹
502 723 758 772 cotidiana
797 726 1043 774 dominici
1079 729 1300 789 corporis
1334 746 1387 776 ac
1429 733 1689 791 sanguinis
1728 750 1830 793 pm·-

259 805 440 866 ceptio,
493 806 636 854 iuxta
697 809 830 870 quod
886 809 1185 857 ecclesiam²
1233 811 1423 859 Christi
1470 829 1559 873 per
1608 814 1824 871 Italiam,

260 887 498 948 Galliam,
534 889 779 950 Africam,
817 892 1065 950 Greciam,
1096 909 1151 939 ac
1178 895 1346 940 totum
1381 894 1628 941 orientem
1664 896 1829 942 sollcr-

258 973 337 1017 ter
375 986 522 1032 agere
564 972 716 1020 nosti.
795 973 940 1033 Quod
984 973 1219 1022 uidelicet
1258 992 1421 1036 genus
1461 975 1730 1034 religionis,
1775 995 1828 1023 ac
1860 987 2077 1027 >tvaim-201

258 1051 369 1099 Deo
394 1052 609 1101 deuotae
634 1054 1052 1103 sanctificat-ionis
1076 1058 1181 1103 tam
1210 1057 1359 1118 longe
1379 1074 1407 1104 a
1426 1059 1621 1105 cunctis
1647 1060 1828 1120 paene*
1860 1037 2102 1122 {¹322E¹¹‘'¹¹⁵¹'

259 1136 463 1182 nostrae
487 1136 782 1196 prouinciae
808 1137 950 1185 laicis
974 1154 1063 1199 per
1088 1138 1339 1185 incuriam
1369 1139 1663 1186 docentium
1688 1140 1829 1201 quasi

258 1233 416 1279 prope
442 1220 774 1280 peregrinum
799 1219 956 1279 abest,
986 1223 1045 1267 ut
1080 1221 1155 1267 hii
1186 1221 1273 1282 qui
1305 1221 1441 1268 inter
1471 1221 1614 1267 illos⁴
1642 1221 1831 1283 religio-

259 1298 418 1347 siores
462 1316 571 1348 esse
619 1301 877 1361 uidentur,
925 1318 1032 1349 non
1075 1302 1176 1349 nisi
1218 1302 1272 1349 in
1316 1303 1473 1350 natali
1515 1303 1739 1361 Domini,
1782 1307 1832 1350 et

260 1381 547 1444 epiphania,
564 1385 615 1430 et
633 1383 817 1446 pascha
835 1385 1164 1432 sacrosanctis
1182 1384 1441 1445 mysteriis
1460 1385 1832 1432 communicare

260 1467 606 1525 praesumant,
645 1482 765 1512 cum
804 1465 910 1512 sint
947 1465 1208 1513 innumeri
1246 1465 1543 1512 innocentes
1582 1468 1629 1512 et
1669 1465 1833 1512 castis-

261 1545 422 1595 simae
459 1548 863 1595 conuersationis
898 1548 1043 1609 pueri
1080 1565 1135 1596 ac
1171 1548 1384 1609 puellae,
1415 1548 1626 1594 iuuenes
1658 1550 1707 1594 et
1743 1547 1833 1593 uir·

261 1627 422 1690 gines,
455 1644 604 1676 senes
629 1631 680 1676 et
704 1645 848 1689 anus,
880 1628 968 1690 qui
998 1628 1188 1690 absque
1225 1628 1332 1675 ullo
1368 1627 1605 1689 scrupulo
1641 1630 1834 1674 contro-

263 1711 472 1770 uersiae,
517 1711 662 1758 omni
709 1711 791 1759 die
828 1710 1100 1771 dominico,
1143 1711 1250 1757 siue
1292 1710 1446 1757 etiam
1490 1710 1544 1756 in
1588 1708 1832 1756 natalitiis

262 1796 560 1842 sanctorum
585 1793 944 1855 apostolorum,
976 1793 1086 1840 siue
1115 1795 1415 1854 martyrum,
1448 1792 1700 1853 quomodo
1727 1791 1832 1851 ipse

261 1877 316 1924 in
354 1878 529 1924 sancta
565 1876 799 1923 Romana
838 1878 887 1922 et
928 1874 1203 1936 apostolica
1245 1873 1454 1921 ecclesia
1495 1873 1603 1920 fieri
1642 1872 1827 1930 uidisti,

261 1959 523 2022 mysteriis
547 1958 852 2006 caelestibus
877 1956 1258 2004 communicare
1279 1955 1498 2002 ualeant.
1552 1954 1658 2016 Ipsi
1677 1954 1830 2000 etiam

262 2041 533 2103 coniugati,
558 2042 602 2088 si
628 2041 741 2102 quis
767 2040 864 2087 sibi
888 2054 1184 2086 mensuram
1211 2036 1554 2084 continentiae
1580 2036 1827 2094 ostendat,

261 2127 311 2172 et
331 2124 581 2172 uirtutem
606 2123 856 2171 castitatis
882 2121 1123 2181 insinuet,
1146 2120 1283 2167 idem
1309 2121 1359 2166 et
1380 2118 1591 2166 licenter
1616 2117 1827 2179 possint,

261 2209 313 2255 et
339 2206 563 2254 libenter
587 2205 750 2253 facere
774 2204 952 2252 uelint.

336 2292 409 2335 16.
448 2288 593 2336 Haec
618 2287 725 2347 tibi,
747 2285 1069 2334 sanctissime
1087 2284 1312 2342 antisteS,
1335 2285 1384 2329 et
1405 2284 1521 2329 tuae
1547 2278 1832 2327 dilectionis
1866 2287 2058 2353 Rene-west

261 2371 472 2431 intuitu,
503 2372 553 2418 et
578 2368 830 2432 generalis
866 2367 1027 2430 gratia
1062 2365 1300 2413 utilitatis
1336 2362 1560 2411 breuiter
1593 2362 1832 2409 adnotare
1861 2337 2042 2420 {ffss'ssssm'

261 2453 449 2513 studui,
492 2452 722 2500 multum
758 2450 1063 2507 desiderans,
1095 2448 1424 2507 multumque
1459 2444 1745 2493 exhortans,
1777 2445 1831 2488 ut
1862 2435 2031 2518 ἰζξζίῗίὶᾷῑ

262 2537 473 2596 gentem
499 2535 735 2581 nostram
766 2549 795 2579 a
831 2530 1050 2578 uetust1s
1073 2529 1368 2577 abstrahere
1393 2542 1535 2573 cures
1559 2524 1826 2574 erroribus

262 2619 314 2664 et
346 2617 409 2664 ad
446 2615 715 2663 certiorem
749 2616 800 2662 et
832 2612 1180 2666 di1·ec³.tiorem
1216 2610 1349 2657 uitae
1385 2608 1564 2655 callem
1602 2606 1833 2652 reducere

263 2701 477 2761 satagas.
576 2698 645 2746 Et
704 2697 749 2744 si
806 2698 929 2743 sunt
984 2694 1142 2755 aliqui
1191 2691 1456 2740 cuiuslibet
1501 2688 1686 2750 gradus
1727 2687 1833 2732 siue

264 2780 460 2830 ordinis
496 2780 610 2839 uiri,
657 2778 747 2841 qui
784 2779 918 2826 bona
958 2779 1047 2824 tua
1079 2778 1251 2836 caepta
1295 2773 1512 2820 retinere
1553 2774 1702 2829 atque
1745 2769 1832 2814 im-

262 2863 436 2925 pedire
462 2863 714 2909 conentur
731 2861 760 2920 ⁵,
792 2862 849 2908 tu
875 2862 1048 2907 tamen
1086 2855 1402 2918 propesitum
1442 2854 1643 2899 sanetae
1680 2849 1832 2895 uirtu-

264 2945 343 3006 tis,
389 2959 642 3006 supernae
679 2959 880 2990 memor
915 2937 1282 2995 retributionis,
1324 2936 1385 2982 ad
1425 2935 1632 2981 firmum
1674 2947 1830 2991 usque

262 3027 424 3075 finem
459 3025 737 3088 perducere
778 3022 1068 3072 contendas
1146 3019 1259 3067 Scio
1298 3032 1517 3077 namque
1555 3011 1830 3060 nonnullos

315 3165 327 3187 ¹
357 3177 423 3204 -re
444 3164 504 3203 H.
659 3161 674 3183 ²
703 3162 784 3200 -sia
804 3162 864 3201 H.
1024 3157 1040 3182 3
1070 3169 1178 3207 pene
1200 3156 1370 3194 cunctis
1391 3153 1446 3192 M.
1597 3150 1608 3171 ⁴
1640 3149 1736 3187 illus
1756 3162 1828 3189 υιιι.

262 3230 320 3270 Μ.
462 3229 478 3252 ⁵
507 3230 658 3266 metui·
680 3227 738 3267 Μ.

995 3294 1025 3326 Ε
1051 3295 1077 3327 Θ
1106 3293 1128 3324 2
