2240 3444
291 139 390 180 CAP.
415 139 533 177 xxx
554 135 768 188 [XXX11.]
829 128 1018 181 Gentis
1057 130 1393 200 Angylomm.
1754 140 1858 188 2‘5)

287 271 429 318 tione
455 288 545 333 per
570 271 680 319 eius
711 271 960 320 auxilium
997 272 1279 321 Dominum
1311 275 1404 322 sibi
1441 279 1716 338 propitium
1753 282 1856 328 swri

286 353 588 415 precabatur
609 371 619 412 ;
653 356 807 414 atque
824 354 958 400 inter
978 371 1149 415 preces
1168 356 1307 403 uelut
1326 357 1375 403 iu
1394 376 1621 419 solun-vm
1642 362 1851 413 solutus,

287 435 459 495 sentit,
491 438 548 483 ut
568 435 678 497 ipse
702 437 877 497 postea
895 437 1079 484 referre
1104 440 1211 484 erat
1235 439 1430 498 solitus,
1457 442 1595 500 quasi
1622 459 1855 497 magnam

287 517 550 579 latamque
597 534 814 564 manum
863 521 1014 579 caput
1062 518 1159 566 sibi
1207 520 1260 566 in
1304 524 1458 581 pau-te,
1506 539 1603 583 qua
1641 524 1852 574 dolebat.

42 609 67 644 f.
89 608 183 654 9812.
286 599 530 662 tetigisse,
570 596 574 663 Ι
608 599 891 661 eodemque
927 603 1067 647 tactu
1105 603 1265 648 totam
1304 602 1460 655 illam,
1492 621 1617 664 qum·
1654 605 1858 660 langor«-

287 698 461 744 pressa
498 682 678 742 fuerat,
718 683 941 743 corporis
980 683 1058 729 sui
1096 686 1305 745 partem,
1349 685 1593 745 paulatim
1632 686 1856 742 fugivnto

287 765 474 824 dolore,
504 781 560 812 ac
598 766 818 814 sanitate
858 765 1214 827 subsequente,
1245 767 1306 813 ad
1340 767 1494 827 pedes
1531 767 1715 827 usquo¹
1757 785 1857 827 μυγ-

282 846 542 895 transisse.
622 848 734 909 Quo
775 850 920 909 facto,
965 866 1087 896 mox
1128 850 1376 911 euigilans
1417 849 1718 896 sanissimus
1759 867 1859 896 sur-

283 930 429 989 rexit,
453 946 510 978 ac
529 947 621 992 pro
641 948 732 979 sua
751 935 970 980 sanitate
991 932 1213 979 Domino
1229 931 1417 993 gratias
1437 932 1602 978 denuo
1624 933 1853 988 resvrvns,

283 1012 407 1075 quid
424 1029 541 1075 erga
557 1029 610 1061 se
628 1016 803 1062 actum
820 1017 967 1074 esset,
989 1014 1233 1062 fratribus
1249 1013 1494 1061 indicauit
1519 1031 1528 1071 ;
1565 1013 1860 1074 cunctis-que

283 1095 739 1157 congaudentibUS,
779 1097 843 1145 ad
876 1096 1239 1155 ministerium,
1271 1096 1407 1157 quod
1442 1095 1691 1143 sollicitus
1727 1096 1860 1142 exhi-

284 1177 404 1225 bere
419 1176 435 1200 ²
452 1178 660 1234 solebat,
683 1179 831 1240 quasi
845 1179 1047 1241 flagello
1065 1180 1080 1201 ³
1098 1178 1345 1241 probante
1364 1177 1662 1238 castigatior,
1690 1178 1854 1225 rediit.

35 1276 135 1312 Vita
350 1257 447 1306 Sed
487 1261 530 1305 et
566 1258 866 1319 indumenta,
905 1258 1084 1319 quibus
1119 1259 1227 1305 Deo
1266 1257 1488 1304 dicatum
1529 1271 1693 1316 empus
1734 1256 1859 1303 Cud-

35 1326 161 1421 ἓξὲξ·
279 1338 439 1387 bereti
455 1343 483 1400 ⁴,
504 1341 583 1387 uel
600 1341 777 1388 uiuum
791 1342 954 1401 antea,
975 1342 1053 1389 uel
1070 1342 1245 1402 postea
1263 1338 1564 1387 defunctum
1586 1340 1851 1393 aestimant,

36 1424 152 1462 ofiib.
280 1421 436 1470 etiam
484 1423 594 1485 ipsa
643 1439 674 1472 a
717 1425 883 1484 qratia
930 1425 1135 1472 curandi
1182 1437 1278 1470 won
1318 1423 1577 1479 vacarunt,
1622 1420 1753 1467 sicut
1801 1419 1854 1465 in

34 1487 66 1512 θ’
92 1486 146 1519 45'
281 1504 551 1553 uolumine
610 1506 748 1554 uitae
804 1509 855 1555 et
908 1506 1167 1554 uirtutum
1223 1504 1333 1552 eius
1387 1503 1602 1566 quisque
1657 1502 1850 1564 legerit,

280 1587 527 1637 inueniet.
1308 1588 1313 1594 “

753 1765 905 1815 ΟΑΡ.
950 1764 1105 1813 XXX
1141 1759 1416 1829 [XXXII]⁸

373 1891 421 1927 Ut
438 1891 533 1928 alter
549 1888 563 1910 ⁵
584 1893 638 1928 ad
656 1893 843 1937 reliquias
862 1893 945 1928 eius
966 1890 1229 1936 ommrfzoerst
1248 1891 1296 1926 ab
1316 1889 1412 1924 oculi
1433 1889 1586 1933 lcmqore
1606 1891 1773 1924 curatus.

347 1997 459 2046 NEC
501 1998 708 2046 silentio
749 1997 1193 2061 praetereundum,
1241 1996 1377 2058 quod
1414 1997 1533 2042 ante
1574 1993 1856 2042 triennium
1889 2002 2073 2059 Apothor

279 2097 372 2144 per
407 2080 652 2143 reliquias
695 2080 805 2128 eius
842 2081 1050 2141 factum,
1087 2095 1253 2141 nuper
1290 2077 1421 2125 mihi
1457 2093 1546 2139 per
1579 2078 1760 2137 ipsum,
1806 2075 1857 2121 in
1890 2053 2061 2087 Mum-10.

281 2180 384 2226 quo
419 2164 616 2212 factum
648 2165 738 2224 est,
773 2163 987 2211 fratrem
1016 2162 1257 2210 innotuit.
1335 2161 1429 2208 Est
1461 2161 1634 2207 autem
1668 2160 1859 2206 factum

278 2246 336 2293 in
361 2246 692 2307 monasterio,
723 2246 858 2308 quod
883 2246 1025 2293 iuxta
1054 2260 1263 2292 amnem
1289 2244 1478 2291 Dacore
1511 2243 1860 2289 constructum

278 2328 342 2377 ab
375 2345 433 2377 eo
466 2346 754 2391 cognomen
787 2328 993 2390 accepit,
1027 2327 1108 2375 cui
1144 2329 1268 2375 tunc
1305 2326 1385 2373 uir
1416 2324 1684 2386 religiosus
1719 2321 1858 2369 Suid·

278 2411 454 2462 berct⁶
504 2413 703 2461 abbatis
761 2412 872 2460 iure
930 2411 1166 2474 praefuit.
1241 2410 1364 2456 Erat
1422 2408 1477 2454 in
1538 2423 1594 2453 eo
1647 2406 1852 2466 quidam

277 2495 591 2556 adulescens,
623 2496 708 2543 cui
743 2497 920 2542 tumor
955 2492 1199 2541 deformis
1229 2490 1526 2554 palpebram
1557 2487 1688 2535 oculi
1726 2487 1854 2534 feda-

276 2579 455 2638 uerat;
510 2577 599 2639 qui
648 2594 767 2625 cum
815 2593 908 2639 per
959 2576 1067 2623 dies
1114 2590 1343 2622 crescens
1391 2572 1536 2619 oculo
1583 2569 1850 2617 interitum

277 2659 584 2720 minaretur,
631 2660 879 2707 curabant
926 2657 1114 2706 medici
1156 2657 1294 2704 hunc
1342 2653 1588 2716 adpositis
1629 2652 1852 2713 pigmen-

275 2743 452 2789 torum
484 2741 735 2790 fomentis
770 2741 1015 2801 emollire,
1052 2756 1144 2787 nec
1183 2737 1436 2785 ualebant.
1512 2734 1729 2794 Quidam
1772 2732 1849 2779 ab·

276 2823 581 2872 scidendum
619 2839 728 2872 esse
764 2823 1028 2880 docebant,
1070 2821 1159 2868 alii
1197 2821 1293 2868 hoc
1326 2818 1437 2865 fieri
1473 2820 1613 2863 metu
1645 2815 1851 2862 maioris

276 2905 494 2967 periculi
518 2905 782 2953 uetabant.
854 2905 1087 2965 Cumque
1117 2906 1345 2962 tempore
1376 2916 1479 2947 non
1512 2914 1668 2959 pauc-0
1698 2897 1852 2943 frater

277 2988 538 3049 praefatus
573 2988 666 3036 tali
702 2987 1032 3036 incommodo
1068 2985 1332 3042 laboraret,
1381 2998 1546 3042 neque
1594 2978 1854 3025 inminens

331 3112 344 3135 ¹
376 3113 433 3152 ad
453 3143 461 3151 .
485 3141 496 3151 .
518 3143 526 3152 .
546 3124 687 3162 usque
704 3125 776 3150 om.
800 3111 844 3150 C.
863 3111 978 3159 01-4.
998 3110 1048 3147 D.
1067 3109 1140 3147 διο.
1188 3106 1202 3128 ²
1221 3106 1483 3145 exhibebere
1505 3103 1557 3141 M.
1620 3102 1632 3122 ³
1653 3102 1775 3151 —gillo
1789 3101 1844 3139 M.

277 3178 292 3201 4
321 3179 515 3217 -berchti
538 3178 583 3217 G.
700 3177 716 3200 ⁵
745 3190 776 3217 v.
801 3179 904 3216 note
926 3175 950 3226 ¹,
975 3188 1016 3225 p.
1041 3174 1129 3222 278.
1243 3172 1257 3194 ⁶
1287 3169 1531 3209 suitbercht
1553 3169 1595 3207 C.
