2240 3444
258 144 357 182 CAP.
376 140 553 192 le11.]
767 128 957 183 Gentis
996 127 1338 195 Anylorum.
1745 129 1844 178 121

253 273 426 332 <litibus
451 273 693 320 maiestati
716 272 818 319 eius
839 271 1022 331 gyratias
1048 270 1371 316 indesinenter
1392 269 1694 327 ca‘soluimus,
1725 284 1849 316 cum⁴

254 370 341 414 que
392 356 516 401 uotis
562 354 856 414 suffldieibus
897 366 1160 410 cxoiamus,
1207 355 1263 398 ut
1302 355 1511 398 uestram
1550 352 1847 398 dilectionem

253 434 306 479 in
331 433 695 492 praedicatione
731 432 968 491 euanyclii
1004 428 1349 478 elaborantem¹
1378 433 1421 477 et
1446 430 1840 488 fiuctificantem.

252 519 597 575 sectantemque
639 515 863 574 magyistri
909 516 952 561 et
998 513 1172 573 capitis
1212 513 1291 560 sui
1333 512 1490 559 saneti
1532 511 1747 570 Greyorii
1785 526 1847 558 rc-

248 598 428 657 9ulam,
471 598 655 657 perpeti
701 597 961 644 stabilitate
1008 596 1264 654 confirmet,
1319 598 1362 642 et
1411 594 1476 642 ad
1534 597 1843 653 auymcntum

252 681 470 727 ecclcsiae
517 694 630 727 suae
666 681 857 739 potiora
889 693 983 738 per
1020 676 1138 725 uos²
1177 678 1370 725 suscitet
1407 678 1733 733 incrementa,-
1793 679 1848 722 ut

243 763 346 821 fide
377 766 418 810 ct
451 777 593 821 opere,
639 763 694 809 in
744 763 908 809 timore
942 762 1037 808 Dei
1067 764 1110 808 et
1139 761 1349 819 caritate,
1391 763 1551 807 uestra
1587 758 1847 818 adquisitio

251 845 628 903 decessorumque
669 847 951 903 uestrorum,
997 858 1116 903 quae
1152 858 1244 902 per
1290 842 1474 889 domini
1516 841 1733 901 Greyorii
1770 855 1845 887 cx-

248 927 384 974 ordia
403 926 418 949 ³
433 928 664 986 pullulat,
690 926 1059 974 conualescendo
1083 926 1297 985 amplius
1321 925 1635 982 extendatur,-
1663 927 1717 970 ut
1742 924 1848 982 ipsa

247 1024 334 1057 uos
360 1010 589 1056 dominici
614 1010 786 1068 eloquii
799 1009 1041 1068 promissa
1077 1009 1131 1055 in
1156 1008 1335 1067 futuro
1370 1008 1639 1067 respiciant,
1671 1020 1847 1065 uosque

49 1101 214 1137 atth.xi.
247 1107 342 1139 uox
370 1093 464 1139 ista
497 1092 562 1139 ad
593 1095 842 1138 aeternam
867 1092 1191 1151 festiuitatem
1223 1094 1411 1138 euocet:
1455 1090 1464 1112 ⁴
1490 1090 1659 1137 Ucnite
1682 1089 1845 1136 adme

16 1152 55 1186 ἐ’
248 1189 421 1234 omnes,
453 1175 536 1233 (lui
571 1174 796 1221 laboratis
828 1178 872 1221 ct
903 1175 1086 1222 onerati
1119 1174 1243 1233 estis,
1275 1177 1319 1220 et
1346 1188 1425 1234 csso
1449 1173 1660 1232 reficiam
1695 1186 1780 1219 uos
1798 1188 1812 1229 ,·
1833 1170 1844 1188 ⁹

53 1264 202 1300 Matth.
250 1261 293 1305 et
321 1258 523 1304 iterum:
556 1256 736 1317 ‘Euye,
767 1271 900 1304 seruc
935 1257 1051 1304 bone
1077 1260 1120 1303 ct
1136 1257 1335 1316 fidelis,·
1371 1256 1487 1316 quia
1522 1269 1666 1314 super
1675 1269 1841 1314 pauca

50 1324 142 1349 XXV.
164 1327 212 1350 21.

235 1339 575 1398 fuistifideiis,
595 1339 766 1399 super⁴
792 1340 947 1387 multa
966 1343 1007 1387 te
1026 1340 1312 1387 constituam
1330 1356 1345 1398 ,·
1372 1340 1505 1386 intra
1529 1339 1583 1385 ‘in
1605 1338 1846 1398 ycncdium

245 1423 452 1470 'Domini
490 1423 562 1468 tui
578 1421 623 1465 5?
711 1422 782 1469 Et
822 1438 911 1470 nos
948 1423 1178 1482 equidem,
1211 1422 1398 1481 fiatres
1435 1421 1686 1480 carissimi,
1730 1421 1845 1467 liaeo

245 1506 382 1553 uobis
388 1520 481 1565 pro
497 1507 690 1552 aeterna
710 1506 909 1553 caritate
925 1506 1267 1553 exhortationis
1282 1505 1431 1552 uerba
1435 1504 1797 1565 praemittentes
1810 1502 1838 1562 ⁶,

66 1596 91 1630 f.
114 1606 156 1639 42
177 1608 212 1632 a.
249 1583 393 1654 {quae
412 1602 584 1634 rursus
589 1603 680 1647 pro
696 1589 1000 1636 ecelesiarum
1017 1592 1292 1636 uestrarum
1304 1588 1578 1647 priuiieyiis
1593 1600 1846 1647 conyruere

234 1685 373 1733 posse
399 1670 726 1730 conspicimus,
756 1686 855 1718 non
885 1671 1160 1718 desistimus
1179 1671 1419 1731 inpertire.

310 1754 383 1800 Et
441 1757 543 1800 tam
601 1755 741 1801 iuxta
798 1757 1011 1801 uestram
1059 1755 1354 1813 petitionem,
1416 1768 1562 1813 quam
1624 1753 1845 1812 filiorum

245 1839 518 1883 nostrorum
572 1850 737 1897 reyum
800 1838 939 1884 uobis
975 1852 1068 1897 per
1101 1841 1402 1896 praesentem
1449 1839 1664 1884 nostram
1705 1850 1845 1895 prae-

244 1919 502 1978 ceptionem
521 1919 551 1979 ⁷,
587 1920 693 1967 uice
731 1921 853 1968 beati
886 1921 1022 1968 Petri
1054 1921 1372 1981 apostolorum
1396 1920 1647 1980 principis,
1691 1922 1845 1966 aucto-

243 2001 437 2048 ritatem
470 2004 741 2062 tribuimus,
786 2006 842 2050 ut
878 2003 1069 2063 Quando
1105 2018 1262 2050 imum
1299 2018 1354 2050 ex
1390 2003 1528 2050 uobis
1568 2003 1743 2049 diuina
1779 2002 1845 2049 ad

242 2098 290 2131 se
326 2085 520 2132 iusserit
539 2086 702 2146 qratia
738 2087 940 2145 euocari,
971 2087 1024 2145 is,
1055 2087 1139 2145 qui
1173 2090 1410 2146 superstes
1435 2086 1605 2145 fuerit,
1637 2085 1840 2132 alterum

242 2167 296 2213 in
345 2167 438 2215 loco
481 2168 700 2228 defuncti
742 2169 906 2216 debeat
952 2169 1222 2229 episcopum
1271 2170 1509 2217 ordinare.
1603 2169 1700 2215 Pro
1748 2183 1841 2228 Qua
1872 2183 2051 2218 Panium

243 2250 389 2296 etiam
420 2264 468 2298 re
503 2251 700 2312 sinyula
735 2255 920 2299 uestrae
958 2252 1199 2299 dilectioni
1223 2253 1386 2312 pallia
1411 2267 1506 2312 pro
1542 2250 1737 2299 cadem8
1775 2266 1844 2298 or·
1873 2236 1977 2268 sent.

244 2332 488 2381 clinatione
525 2334 803 2382 celebranda
846 2334 1122 2394 direximus,
1163 2338 1220 2382 ut
1254 2350 1349 2395 per
1393 2338 1584 2382 nostrae
1620 2348 1841 2394 praecep-

243 2415 388 2463 tionis
434 2417 767 2464 auctoritatem
804 2418 1006 2477 possitis
1060 2418 1162 2465 Deo
1209 2419 1450 2477 placitam
1491 2418 1841 2465 ordinationem

243 2499 453 2558 efficere,·
493 2501 620 2559 quia,
651 2503 706 2547 ut
730 2501 845 2548 haec
875 2501 1012 2548 uobis
1045 2501 1406 2561 concederemus,
1440 2502 1581 2562 longia
1606 2504 1841 2547 terrarum

243 2582 483 2641 marisque
520 2583 794 2643 interualla,
835 2598 954 2643 quae
991 2584 1116 2631 inter
1148 2598 1237 2631 nos
1272 2599 1328 2631 ac
1363 2599 1452 2631 uos
1486 2584 1731 2641 obsistunt,
1776 2582 1843 2630 ad

244 2663 357 2710 haec
402 2679 490 2712 nos
536 2665 899 2713 condescendere
946 2670 1208 2726 coeyerunt,
1256 2670 1312 2713 ut
1346 2667 1487 2713 nulla
1515 2666 1670 2725 possit
1704 2665 1839 2712 cecle-

243 2746 431 2793 siarum
481 2750 753 2795 uestrarum
799 2749 989 2796 iactura
1024 2762 1118 2808 per
1162 2749 1415 2796 cuiuslibet
1460 2748 1719 2795 occasionis
1770 2747 1842 2794 ob-

245 2832 429 2875 tentum
481 2844 662 2889 quoquo
720 2830 888 2878 modo⁰
924 2831 1211 2890 prouenire;
1274 2831 1356 2878 scd
1391 2831 1558 2890 potius
1599 2830 1843 2878 commissi

304 2951 308 2960 *
342 2943 623 2983 laborantem
644 2945 701 2983 M.
837 2944 852 2966 ²
883 2958 985 2984 suos
1005 2945 1052 2985 C.
1194 2944 1209 2966 ³
1238 2946 1419 2984 exordio
1440 2945 1496 2984 M.
1523 2945 1568 2985 C.
1591 2946 1641 2983 B.
1664 2944 1753 2993 Hss.
1779 2945 1832 2993 D,

243 3021 321 3059 per
343 3011 452 3056 beiny
471 3013 601 3048 erased
621 3014 664 3048 in
685 3011 737 3050 D.
881 3011 895 3033 ⁴
927 3024 1059 3061 supra
1080 3011 1125 3050 O.
1274 3012 1288 3034 ⁵
1307 3014 1417 3058 from
1438 3011 1483 3049 C.
1501 3011 1562 3055 B;
1594 3010 1639 3049 M
1660 3014 1732 3048 has
1751 3014 1838 3057 only

245 3074 357 3112 bone
378 3077 422 3112 et
442 3075 585 3112 cetera
597 3087 738 3124 usque
759 3076 933 3115 domini
955 3078 1024 3115 tui
1043 3091 1052 3125 ;
1083 3080 1165 3115 and
1184 3090 1224 3115 so
1245 3077 1318 3124 Hl.
1475 3077 1490 3099 ⁶
1519 3077 1837 3126 promittentes

243 3139 288 3178 C.
310 3140 360 3177 B.
475 3137 488 3158 ⁷
518 3142 742 3190 praesenti
764 3145 914 3181 nostra
933 3143 1247 3192 praeceptione
1270 3142 1327 3181 M.
1350 3142 1395 3181 C.
1418 3142 1467 3181 B.
1492 3141 1562 3181 W.
1585 3141 1657 3190 Hl.
1681 3142 1733 3192 D,
1757 3154 1837 3193 per

244 3207 351 3252 being]
370 3208 501 3243 erased
520 3208 564 3242 ‘in
586 3205 631 3244 C.
654 3205 703 3244 B.
727 3206 779 3246 D.
951 3209 966 3229 ⁸
995 3208 1150 3246 eodem
1173 3207 1230 3245 M.
1397 3206 1412 3229 ⁹
1442 3208 1664 3257 quomodo
1685 3207 1741 3247 M.
