2240 3444
373 94 482 145 306
826 89 1097 144 Historia
1135 89 1520 143 Ecclesiastica
1803 98 1912 151 [Lm.
1932 101 1981 142 V.

372 238 643 302 spiritibus
679 237 974 295 hominum,
1007 236 1099 299 qui
1134 236 1302 285 instar
1337 235 1642 284 fauillarum
1680 251 1801 283 cum
1834 235 1983 285 fumo

372 321 780 382 ascendentium,
811 338 954 369 nunc
992 321 1055 369 ad
1095 319 1403 368 sublimiora
1437 318 1806 381 proicerentur,
1838 335 1981 368 nunc

375 405 610 453 retractis
633 404 838 467 ignium
861 403 1141 466 uaporibus
1167 402 1526 451 relaberentur
1547 402 1556 425 ¹
1585 402 1643 449 in
1670 401 1928 463 profunda
1947 403 1976 451 ².

377 488 476 536 Sed
531 490 583 535 et
636 488 770 536 fetor
825 486 1232 550 inconparabilis
1281 502 1402 533 cum
1452 484 1651 532 eisdem
1701 484 1982 546 uaporibus

375 572 630 620 ebulliens
668 571 845 620 omnia
885 571 978 619 illa
1019 569 1355 618 tenebrarum
1394 568 1507 616 loca
1555 568 1787 630 replebat
1802 565 1833 617 ¹.
1911 569 1981 617 Et
2029 624 2034 625 ⁷

374 673 492 703 cum
521 655 718 704 diutius
754 654 827 702 ibi
863 653 1088 716 pauidus
1127 651 1478 712 consisterem,
1510 653 1695 713 utpote
1731 651 1975 714 incertus,

374 739 499 801 quid
545 756 769 802 agerem,
813 754 915 800 quo
964 738 1227 784 uerterem
1269 751 1522 798 gressum,
1584 734 1676 797 qui
1725 751 1811 783 me
1859 735 1981 783 finis

372 825 607 871 maneret
629 841 640 883 3
675 821 678 885 Ι
712 821 864 870 audio
891 820 1128 868 subitum
1153 821 1272 881 post
1298 820 1441 881 terga
1466 820 1702 866 sonitum
1734 817 1983 868 inmanis·

372 907 491 954 simi
530 907 685 953 fletus
728 922 786 953 ac
826 903 1124 962 miserrimi,
1173 902 1334 950 simul
1375 904 1427 950 et
1468 901 1786 950 cachinnum
1826 902 1982 965 crepi-

372 993 574 1038 tantem
599 988 747 1051 quasi
773 988 920 1050 uulgi
945 987 1140 1034 indocti
1179 985 1344 1048 captis
1382 986 1624 1034 hostibus
1653 985 1975 1036 insultantis.

372 1074 446 1122 Ut
478 1075 653 1121 autem
687 1072 892 1119 sonitus
930 1071 1071 1118 idem
1106 1069 1291 1118 clarior
1330 1069 1567 1117 redditus
1602 1069 1665 1117 ad
1700 1086 1785 1116 me
1816 1086 1981 1132 usque

369 1156 621 1219 peruenit,
678 1155 947 1203 considero
1003 1154 1212 1202 turbam
1269 1153 1623 1216 malignorum
1679 1152 1974 1215 spirituum,

370 1257 500 1302 quae
540 1240 773 1302 quinque
812 1239 1014 1286 animas
1050 1237 1334 1285 hominum
1368 1238 1631 1284 merentes
1668 1236 1981 1284 heiulantes-

369 1340 479 1385 que,
506 1323 617 1385 ipsa
642 1323 875 1370 multum
909 1322 1152 1370 exultans
1185 1323 1237 1369 et
1271 1321 1605 1381 cachinnans,
1638 1319 1837 1368 medias
1863 1320 1981 1369 illas

367 1408 603 1455 trahebat
646 1407 701 1454 in
741 1406 1018 1465 tenebras3
1061 1422 1089 1453 e
1133 1404 1326 1467 quibus
1366 1404 1614 1452 uidelicet
1657 1404 1973 1465 hominibus,

368 1493 425 1538 ut
463 1490 728 1538 dinoscere
766 1489 929 1552 potui,
962 1488 1176 1551 quidam
1211 1490 1321 1536 erat
1354 1488 1608 1536 adtonsus
1645 1489 1705 1535 ut
1743 1487 1972 1547 clericus,

366 1574 578 1636 quidam
604 1573 779 1628 laicus,
815 1573 1067 1635 quaedam
1094 1571 1303 1620 femina.
1378 1571 1669 1619 Trahentes
1689 1573 1865 1619 autem
1890 1588 1978 1619 eos

365 1658 583 1720 maligni
609 1657 826 1719 spiritus
853 1656 1235 1704 descenderunt
1260 1655 1316 1702 in
1342 1655 1579 1703 medium
1604 1654 1799 1703 baratri
1830 1655 1977 1704 illius

364 1741 631 1801 ardentis;
668 1741 973 1802 factumque
1006 1742 1097 1800 est,
1130 1740 1188 1786 ut
1222 1756 1342 1787 cum
1379 1737 1589 1801 longius
1625 1739 1974 1787 subeuntibus

365 1825 450 1886 eis,
499 1825 684 1872 fletum
734 1823 1015 1872 hominum
1064 1826 1116 1871 et
1164 1822 1332 1870 risum
1382 1822 1779 1871 daemoniorum
1836 1822 1971 1871 clare

364 1909 654 1956 discernere
680 1907 966 1970 nequirem,
998 1922 1189 1954 sonum
1214 1908 1392 1954 tamen
1418 1906 1586 1954 adhuc
1613 1907 1973 1968 promiscuum

364 1993 419 2039 in
470 1993 682 2040 auribus
741 1991 999 2039 haberem.
1100 1990 1312 2037 Interea
1361 1991 1708 2039 ascenderunt
1757 1989 1971 2053 quidam

364 2075 646 2138 spirituum
683 2075 1020 2123 obscurorum
1058 2074 1121 2121 de
1158 2073 1344 2136 abysso
1382 2073 1473 2121 illa
1506 2074 1881 2133 flammiuoma,
1918 2076 1970 2122 et

363 2159 700 2206 adcurrentes
740 2157 1200 2206 circumdederunt
1248 2173 1346 2218 me,
1402 2159 1560 2219 atque
1609 2158 1773 2206 oculis
1821 2157 1969 2205 fiam-

362 2242 643 2302 mantibUS,
670 2243 721 2289 et
751 2242 814 2289 de
840 2257 925 2289 ore
952 2257 1008 2288 ac
1034 2240 1250 2288 naribus
1276 2240 1454 2302 ignem
1475 2242 1720 2302 putidum
1737 2240 1970 2288 efflantes

359 2326 654 2387 angebant3
692 2324 1209 2387 forcipibusquoque
1244 2323 1425 2385 igneis,
1458 2341 1589 2386 quos
1624 2325 1876 2377 tenebant
1912 2324 1967 2372 in

362 2408 620 2468 manibus,
651 2407 1034 2456 minitabantur
1068 2423 1153 2454 me
1186 2407 1622 2468 conprehendere,
1656 2424 1749 2455 nec
1786 2410 1968 2455 tamen

360 2508 444 2538 me
470 2491 737 2539 ullatenus
763 2491 1077 2554 contingere,
1099 2490 1310 2538 tametsi
1331 2493 1525 2538 terrere
1544 2491 1961 2553 praesumebant.

360 2574 460 2635 Qui
503 2591 621 2622 cum
663 2574 1114 2637 undiqueuersum
1163 2573 1403 2621 hostibus
1448 2576 1500 2621 et
1543 2574 1787 2622 caecitate
1829 2577 1968 2622 tene·

357 2658 567 2705 brarum
607 2658 894 2719 conclusus,
933 2658 1036 2705 huc
1073 2657 1303 2719 illucque
1341 2657 1518 2706 oculos
1556 2657 1961 2718 circumferrem,

359 2742 401 2788 si
426 2741 562 2789 forte
598 2741 839 2790 alicunde
877 2741 1000 2804 quid
1034 2740 1230 2800 auxilii,
1265 2757 1366 2802 quo
1402 2741 1642 2801 saluarer,
1674 2741 1959 2802 adueniret,

357 2825 597 2886 apparuit
640 2827 777 2872 retro
818 2825 915 2885 uia,
948 2841 1050 2887 qua
1087 2840 1349 2883 ueneram,
1390 2824 1537 2885 quasi
1573 2824 1747 2887 fulgor
1783 2825 1965 2873 stellae

357 2908 631 2956 micantis³
658 2908 798 2956 inter
823 2909 1076 2969 tenebras,
1109 2907 1200 2970 qui
1232 2907 1488 2969 paulatim
1525 2925 1777 2969 crescens,
1810 2910 1862 2956 et
1897 2909 1961 2956 ad

411 3061 420 3082 ¹
454 3062 502 3099 in
524 3062 745 3111 profunda
769 3092 778 3101 .
801 3093 808 3100 .
835 3093 843 3100 .
867 3061 1068 3110 replebat
1089 3073 1165 3099 om.
1183 3058 1329 3099 C.W¹.
1345 3060 1396 3098 D.
1418 3060 1491 3099 &c.
1563 3059 1578 3081 ²
1608 3061 1681 3099 -do
1702 3061 1777 3109 Hl.
1845 3061 1860 3083 3
1888 3064 1964 3099 For

355 3130 430 3165 this
461 3131 649 3173 beautiful
680 3130 805 3174 imaye
834 3130 958 3165 which
987 3130 1022 3164 is
1044 3130 1102 3164 the
1130 3128 1294 3173 reading]
1314 3129 1358 3173 of
1381 3129 1434 3164 all
1454 3130 1510 3164 tlzc
1533 3127 1655 3167 MSS.
1679 3131 1801 3166 which
1823 3130 1844 3165 1
1866 3130 1961 3165 hare

353 3198 568 3243 sxcmzinecl,
590 3197 648 3233 the
668 3198 750 3233 edd.
774 3197 855 3241 (sire
875 3197 932 3231 the
951 3195 1142 3240 infinitely
1154 3206 1289 3240 poorer
1308 3194 1517 3232 meantis.

2008 828 2033 864 f.
2060 831 2123 864 108
2141 829 2176 864 b.
