2175 3439
75 395 161 430 loh.
184 396 266 429 xix.

72 459 125 489 30-

359 63 510 116 clxiv
731 62 1134 116 Introduction
1155 83 1174 115 .·
1228 63 1277 115 A
1278 63 1543 133 ppenclz'oe
1580 63 1619 114 I
1618 64 1666 115 I.

360 210 436 258 At
484 210 588 271 ille,
640 210 833 271 ‘bene7’
881 209 1067 272 inquit,
1130 210 1323 258 ‘scribe
1342 209 1393 258 1.’
1465 209 1567 258 Et2
1613 213 1732 273 post
1779 211 2046 260 modicum

360 294 492 353 dixit
515 311 675 357 puer:
708 294 909 342 ‘modo3
931 294 1189 356 descripta
1214 295 1329 342 est.'
1394 295 1470 342 At
1494 294 1597 354 ille,
1635 295 1826 355 ‘bene7'
1852 294 2041 357 inquit,

365 378 818 425 ‘consummatum
868 378 960 437 est,
1009 376 1290 425 ueritatem
1345 377 1591 438 dixisti43
1646 377 1818 439 accipe
1865 395 2047 425 meum

357 462 511 522 caput
543 459 602 508 in
634 477 824 508 manus
849 462 979 521 tuas,
1014 460 1133 522 quia
1166 460 1399 507 multum
1424 477 1509 508 me
1536 460 1755 508 delectat
1784 461 1962 508 sedere
1987 477 2049 508 ex

357 543 575 590 aduerso
606 544 717 591 loco
751 545 930 591 sancto
955 560 1086 603 meo,
1119 543 1175 590 in
1202 560 1304 605 quo
1332 560 1474 591 orare
1498 543 1744 598 solebam,
1776 546 1835 591 ut
1868 545 1920 591 et
1953 560 2046 606 ego

356 626 543 675 sedens
568 627 782 674 Patrem
807 643 989 674 meum
1014 626 1257 674 inuocare
1281 627 1479 688 possim
1496 627 1545 676 5?
1618 627 1687 675 Et
1717 627 1789 674 sic
1821 626 1879 674 in
1910 627 2049 689 paui-

356 711 538 757 mento
577 726 697 757 suae
735 709 936 757 casulae
975 710 1288 758 decantans:
1333 709 1526 772 ‘gloria
1559 710 1705 758 Patri
1742 711 1794 758 et
1826 709 1960 757 Filio
1997 713 2049 757 et

357 793 577 856 Spiritui
615 793 833 841 Sancto'
868 795 919 840 et
956 795 1138 853 cetera,
1178 794 1431 841 ultimum
1469 810 1496 840 e
1532 792 2050 856 corpore-exhalauit

355 876 613 939 spiritum.
692 877 870 939 Atque
901 879 959 924 ut
994 876 1107 924 sine
1142 876 1301 924 dubio
1338 877 1660 925 credendum
1686 878 1766 925 est
1793 877 1930 939 quod
1955 893 2049 939 pro

356 977 416 1008 eo
453 960 573 1022 quia
606 960 692 1007 hic
727 976 932 1022 semper
957 959 1333 1008 deuotissimus
1368 960 1424 1007 in
1449 960 1549 1008 Dei
1582 960 1825 1008 laudibus
1858 959 2050 1008 labora--

356 1047 513 1104 uerat,
557 1045 618 1092 ad
658 1043 847 1107 gaudia
884 1043 1259 1092 desideriorum
1298 1044 1569 1092 celestium
1611 1043 1789 1092 anima
1831 1043 1944 1092 eius
1984 1044 2049 1091 ab

354 1127 552 1190 angelis
577 1128 872 1190 portaretur
888 1127 915 1175 ⁶.
984 1128 1182 1175 Omnes
1208 1130 1386 1175 autem
1407 1127 1498 1190 qui
1524 1127 1734 1175 audiere
1759 1127 1846 1175 uel
1872 1127 2051 1175 uidere

355 1211 560 1258 obitum
615 1211 849 1259 Baedani
902 1210 1065 1272 patris
1114 1211 1284 1258 nostri
1299 1211 1328 1272 7,
1379 1228 1672 1273 numquam
1722 1228 1777 1259 se
1824 1210 2052 1258 uidisse8

354 1295 518 1342 alium
570 1295 659 1342 in9
713 1297 823 1343 tam
877 1311 1069 1357 magna
1128 1295 1408 1343 deuocione
1461 1298 1620 1358 atque
1668 1294 2053 1357 tranquillitate

354 1379 519 1426 uitam
545 1395 695 1426 suam
714 1378 748 1403 ³⁰
769 1377 949 1426 finisse
975 1378 1231 1427 dicebant.
1300 1379 1446 1440 Quia,
1471 1379 1605 1426 sicut
1631 1378 1840 1438 audisti,
1867 1395 2052 1441 quous—

834 1462 865 1486 ¹¹
899 1462 952 1509 in
990 1478 1203 1523 corpore
1242 1462 1357 1523 fuit,
1396 1462 1591 1524 ‘gloria
1616 1462 1766 1510 Patri
1786 1463 1797 1481 ²
1823 1463 1874 1509 et
1899 1462 2000 1510 alia
2017 1459 2050 1486 ¹²

358 1546 613 1607 quaedam
649 1546 712 1593 ad
752 1546 970 1608 gloriam
1004 1545 1154 1593 Dei13
1192 1545 1391 1606 cecinit,
1428 1548 1480 1593 et
1517 1546 1761 1608 expansis
1802 1545 2050 1593 manibus

357 1629 467 1676 Deo
484 1629 519 1653 1⁴
556 1629 746 1692 gratias
783 1646 934 1692 agere
970 1646 1079 1677 non
1116 1630 1360 1678 cessabat.
1441 1629 1583 1678 Scire
1623 1631 1802 1677 autem
1839 1628 2051 1677 debes¹⁵

358 1712 479 1775 quia
515 1713 684 1760 adhuc
720 1714 892 1761 multa
929 1714 1132 1761 narrari
1170 1715 1221 1761 et
1258 1712 1416 1761 scribi
1451 1713 1723 1776 possunt¹⁶
1754 1713 1817 1761 de
1854 1729 1928 1773 eo,
1961 1713 2050 1760 sed

356 1814 498 1843 nunc
515 1795 548 1821 17
574 1796 889 1845 breuitatem
911 1798 1167 1845 sermonis
1192 1797 1477 1846 ineruditio
1495 1814 1643 1845 meae
1663 1797 1874 1860 linguae
1894 1796 2018 1844 facit
2040 1815 2051 1856 ;

355 1881 591 1928 attamen
617 1880 801 1942 cogito,
833 1881 944 1929 Deo
970 1881 1269 1943 adiuuante,
1302 1898 1364 1929 ex
1390 1883 1627 1943 tempore
1652 1880 1863 1943 plenius
1890 1880 1954 1928 de
1991 1897 2050 1928 eo

356 1963 581 2010 scribere
608 1980 737 2025 quae
764 1964 926 2011 oculis
952 1964 1076 2024 uidi,
1109 1967 1160 2013 et
1186 1964 1401 2013 auribus
1426 1964 1606 2013 audiui
1626 1966 1672 2012 ¹⁶.

355 1479 454 1524 que
490 1462 667 1510 anima
704 1461 817 1510 eius

412 2100 421 2119 1
454 2105 500 2140 at
523 2102 676 2151 inquit
697 2103 840 2140 scribe
861 2104 948 2141 cito
970 2103 1071 2142 edd.
1223 2101 1238 2124 2
1267 2106 1312 2142 et
1334 2116 1406 2142 om.
1429 2103 1530 2142 edd.
1684 2102 1699 2125 3
1727 2104 1954 2142 sententia
1974 2107 2055 2142 add

355 2168 456 2208 edd.
715 2167 729 2188 ‘¹
760 2181 853 2207 uer.
881 2169 970 2207 dix.
993 2182 1112 2209 cons.
1135 2173 1202 2208 est
1224 2170 1324 2208 edd.
1598 2168 1614 2190 ⁵
1643 2170 1813 2220 possim
1834 2171 1930 2209 inu.
1952 2170 2052 2210 edd.

356 2236 370 2256 ‘³
400 2236 564 2284 sancto,
592 2247 695 2272 cum
717 2235 939 2284 Spiritum
962 2236 1179 2274 Sanctum
1201 2237 1494 2285 nominasset,
1515 2236 1730 2286 spiritum
1748 2249 1771 2274 e
1789 2250 1823 2275 c.
1845 2237 1947 2276 exh.
1969 2237 2053 2275 ult.

355 2303 400 2339 et
422 2302 486 2339 sic
506 2313 643 2350 regna
664 2302 880 2350 migrauit
900 2303 956 2340 ad
974 2303 1185 2341 caelestia
1206 2303 1305 2342 edd.
1411 2301 1426 2324 ⁷
1456 2303 1577 2341 beati
1597 2304 1739 2353 patris
1760 2303 1937 2341 obitum
1953 2303 2053 2342 edd.

355 2366 369 2387 ²³
399 2367 548 2404 ullum
571 2371 651 2405 add
672 2367 771 2406 edd.
915 2368 929 2390 9
961 2369 1007 2406 in
1030 2382 1102 2408 om.
1126 2369 1224 2409 edd.
1360 2368 1388 2389 ¹⁰
1420 2382 1548 2408 suam
1569 2382 1641 2408 om.
1662 2369 1762 2408 edd.
1895 2367 1926 2390 11
1957 2370 2054 2408 eius

356 2446 430 2473 om.
454 2433 555 2472 edd.
778 2432 807 2454 ¹²
839 2435 1095 2484 spiritualia
1116 2440 1197 2474 add
1216 2436 1315 2475 edd.
1532 2434 1564 2457 1³²
1594 2436 1651 2474 ad
1671 2437 1730 2486 gl.
1753 2436 1836 2474 Dei
1857 2449 1929 2474 om.
1951 2436 2053 2475 edd.

356 2498 385 2519 ¹⁴
417 2499 510 2538 Deo
531 2500 640 2537 uiuo
661 2501 706 2537 et
727 2512 833 2538 uero
855 2500 956 2539 edd.
1167 2501 1198 2525 ³⁵
1230 2502 1341 2541 scito
1363 2504 1517 2540 autem
1539 2501 1682 2540 frater
1702 2503 1932 2540 carissime
1952 2501 2054 2540 edd.

356 2563 387 2585 ¹⁶
416 2566 534 2614 quod
558 2565 704 2604 multa
725 2578 910 2605 narrare
931 2568 1099 2616 possim
1121 2568 1220 2608 edd.
1351 2566 1381 2588 ¹⁷
1412 2581 1536 2607 nunc
1556 2581 1631 2608 om.
1653 2568 1755 2607 edd.
1885 2567 1913 2589 ¹⁸
1941 2569 2054 2607 atta-

356 2643 460 2670 men
487 2662 495 2671 .
519 2662 526 2670 .
554 2664 561 2671 .
583 2632 743 2671 audiui
765 2645 838 2671 om.
860 2632 961 2671 edd.
