2240 3444
376 121 483 172 262
830 116 1096 170 Historia
1134 115 1526 169 Ecclesiastica
1775 125 1885 177 [Lm.
1907 129 1977 166 IV.

375 282 559 315 omnes
583 264 993 328 placidissimam
1021 280 1075 312 se
1106 265 1340 311 mentem
1373 263 1437 311 ad
1467 263 1635 323 illum,
1669 264 1721 310 et
1745 262 1809 310 ab
1835 263 1982 310 omni

376 350 452 398 ira
469 351 723 397 remotam
744 347 947 408 habere,
965 364 1190 409 eumque
1205 346 1441 394 uicissim
1457 346 1708 408 rogabant
1724 345 1982 408 placidam

377 450 499 497 erga
523 433 665 495 ipsos
692 434 927 480 mentem
952 431 1154 479 habere.
1236 430 1338 491 Qui
1370 429 1648 477 confestim
1674 428 1944 491 respondit
1970 446 1980 476 :

381 522 392 540 ‘
409 516 679 565 Placidam
707 532 800 578 ego
826 517 1076 575 mentem,
1102 514 1268 567 filioli,
1289 530 1411 576 erga
1436 529 1621 561 omnes
1641 512 1739 560 Dei
1757 512 1985 560 famulos

375 600 530 664 gero.5
593 599 778 660 Sicque
798 614 852 645 se
873 597 1083 645 caelesti
1101 597 1351 645 muniens
1371 597 1576 655 uiatico,
1603 596 1744 643 uitae
1768 593 1984 642 alterius

376 682 637 746 ingressui
679 681 915 744 parauit3
954 683 1006 728 et
1042 680 1401 743 interrogauit,
1447 697 1604 742 quam
1641 695 1800 741 prope
1847 678 1983 725 esset

377 767 519 827 hora,
547 782 648 828 qua
666 765 850 812 fratres
870 765 934 811 ad
957 764 1202 812 dicendas
1223 763 1450 811 Domino
1470 761 1483 785 ¹
1505 763 1682 810 laudes
1703 763 1985 809 nocturnas

378 848 593 898 excitari
643 848 906 896 deberent.
985 847 1431 909 Respondebant:
1477 846 1624 894 ‘Non
1673 846 1830 907 longe
1871 844 1984 893 est.’

376 934 452 982 At
487 933 610 980 ille:
655 932 846 991 ζΒΘΠΘ,
879 947 1002 993 ergo
1040 933 1402 993 exspectemus
1439 931 1623 978 horam
1660 928 1843 977 illam.'
1915 928 1985 976 Et

376 1016 593 1078 signans
630 1031 684 1063 se
729 1014 880 1077 signo
930 1016 1138 1062 sanctae
1188 1013 1355 1062 crucis
1402 1013 1679 1061 reclinauit
1727 1013 1882 1073 caput
1921 1011 1985 1059 ad

378 1098 610 1159 ceruical,
666 1097 1036 1160 modicumque
1088 1097 1423 1145 obdormiens
1473 1097 1547 1144 ita
1606 1113 1727 1144 cum
1779 1094 1986 1142 silentio

378 1180 545 1228 uitam
571 1177 761 1226 finiuit.
837 1178 1024 1239 Sicque
1045 1178 1242 1226 factum
1263 1180 1353 1238 est,
1375 1180 1448 1237 ut,
1476 1177 1738 1239 quomodo
1759 1175 1987 1237 simplici

378 1280 434 1311 ac
465 1279 593 1324 pura
626 1264 805 1309 mente
831 1261 1218 1324 tranquillaque
1255 1261 1534 1309 deuotione
1568 1260 1797 1308 Domino
1835 1258 1990 1306 serui·

379 1350 502 1407 erat,
538 1346 613 1393 ita
649 1345 809 1393 etiam
849 1345 1136 1406 tranquilla
1173 1347 1344 1392 morte
1380 1345 1644 1392 mundum
1684 1343 1989 1404 relinquens

378 1431 441 1479 ad
492 1430 604 1477 eius
652 1429 910 1476 uisionem
960 1428 1180 1489 ueniret,
1236 1428 1431 1490 illaque
1479 1427 1674 1490 lingua,
1730 1443 1861 1488 quae
1909 1428 1989 1474 tot

381 1513 628 1562 salutaria
677 1513 836 1560 uerba
896 1513 952 1559 in
1012 1513 1221 1560 laudem
1271 1511 1570 1561 Conditoris
1628 1512 1983 1573 conposuerat,

381 1597 569 1646 ultima
619 1613 826 1658 quoque
876 1596 1037 1644 uerba
1093 1597 1149 1644 in
1197 1596 1406 1644 laudem
1463 1595 1641 1658 ipsius,
1697 1593 1990 1657 signando2

382 1698 505 1742 sese,
546 1684 596 1729 et
634 1679 879 1742 spiritum
917 1697 1074 1728 suum
1111 1680 1167 1727 in
1204 1696 1394 1728 manus
1426 1680 1538 1727 eius
1575 1677 1990 1726 commendando

385 1765 682 1824 clauderet3
721 1763 812 1826 qui
845 1763 1004 1811 etiam
1041 1764 1305 1825 praescius
1341 1763 1423 1812 sui
1458 1763 1632 1811 obitus
1669 1763 1902 1811 extitisse
1931 1777 1996 1809 ex

383 1848 481 1909 his,
515 1865 646 1910 quae
673 1848 1018 1908 narrauimus,
1050 1847 1273 1896 uidetur.

854 2040 1007 2088 CAP.
1052 2039 1252 2087 XXIII
1292 2035 1509 2104 [XXV]

458 2169 592 2213 Qualis
612 2169 715 2203 uisio
737 2169 897 2203 cuidam
917 2168 1003 2203 uiro
1025 2168 1096 2203 Dei
1115 2168 1356 2214 apparuerit,
1376 2168 1615 2212 priusqzscam
1638 2170 1919 2205 monasterium

704 2235 923 2271 Columnae
938 2231 951 2252 3
974 2236 1083 2270 urbis
1104 2236 1196 2270 esset
1218 2235 1392 2270 incendz'o
1415 2237 1671 2271 consuwmwn.

94 2349 282 2392 Oolding-
455 2332 563 2380 H1s
590 2332 915 2394 temporibus
935 2331 1313 2380 monasterium
1334 2332 1619 2394 uirginum,
1647 2334 1783 2395 quod
1806 2334 1993 2382 Coludi

94 2400 331 2492 fflffvglff'by
387 2416 590 2465 Urbem
629 2415 1017 2478 cognominant,
1051 2415 1198 2463 cuius
1235 2417 1285 2462 et
1322 2432 1479 2478 supra
1515 2417 1871 2479 meminimus,
1903 2435 1996 2480 per

94 2499 178 2535 fire.
388 2500 597 2562 culpam
624 2498 854 2547 incuriae
879 2499 1107 2547 flammis
1131 2499 1438 2546 absumtum
1468 2503 1558 2548 est.
1639 2500 1788 2560 Quod
1815 2504 1993 2550 tamen

387 2601 416 2632 a
445 2583 648 2631 malitia
684 2582 1101 2630 inhabitantium
1140 2582 1194 2629 in
1226 2599 1284 2629 eo
1301 2583 1330 2643 4,
1368 2585 1419 2630 et
1449 2583 1723 2645 praecipue
1757 2584 1987 2646 illorum,
2024 2593 2161 2651 cf3Ps.

387 2667 479 2730 qui
520 2666 745 2714 maiores
782 2683 893 2714 esse
936 2666 1263 2725 uidebantur,
1314 2666 1606 2728 contigisse,
1656 2684 1852 2728 omnes,
1903 2669 1994 2731 qui
2025 2655 2180 2688 0v1.34.

388 2767 592 2810 nouere,
624 2750 874 2799 facillime
899 2751 1186 2811 potuerunt
1212 2749 1496 2797 aduertere.
1572 2750 1673 2798 Sed
1699 2768 1806 2798 non
1827 2751 1994 2800 defuit

387 2833 671 2895 puniendis
696 2832 984 2881 admonitio
1011 2831 1218 2880 diuinae
1252 2831 1473 2894 pietatis,
1508 2850 1608 2895 qua
1633 2834 1845 2882 correcti
1863 2836 1878 2857 ⁵
1903 2852 1996 2897 per

389 2916 594 2977 ieiunia,
626 2917 794 2977 fietus,
827 2919 878 2964 et
902 2932 1079 2978 preces
1105 2916 1236 2963 iram
1261 2933 1290 2964 a
1315 2932 1383 2977 se,
1410 2916 1579 2964 instar
1604 2917 1988 2979 Nineuitarum,
2026 2932 2076 2968 cf.
2099 2932 2177 2966 Ion

388 3000 514 3049 iusti
540 3000 739 3049 Iudicis
764 3002 1077 3049 auerterent.
2026 2995 2082 3018 111·
2103 2992 2205 3026 5-10·

445 3137 458 3160 ¹
489 3139 569 3178 deo
587 3140 631 3179 O.
824 3138 839 3160 ²
868 3139 1090 3190 signando
1113 3151 1184 3178 om.
1209 3139 1256 3177 C.
1279 3137 1360 3187 01¹.
1383 3139 1438 3179 D.
1459 3139 1531 3179 ὣς.
1552 3154 1561 3188 ;
1620 3141 1806 3189 signans
1827 3139 1908 3193 012.
1931 3141 1993 3189 Oe·

390 3204 535 3254 011-12.
558 3207 632 3253 ΟΠ.
805 3207 820 3228 ³
852 3220 925 3245 -ne
949 3208 1004 3246 M.
1179 3205 1193 3227 ‘²
1223 3218 1273 3244 ea
1296 3205 1354 3245 Μ.
1527 3207 1542 3229 ⁵
1573 3208 1707 3257 -repti
1729 3207 1799 3246 N‘.
