2240 3444
337 134 446 188 312
795 126 1058 181 Historia
1094 123 1486 180 Ecclesiasticus
1757 129 1868 183 [Lm.
1891 130 1942 174 V.

339 280 500 344 quid,’
542 278 729 342 inquit,
783 277 908 325 ‘hoc
946 274 1093 324 est‘?’
1170 271 1367 322 ‘Paulo
1405 269 1560 331 ante,'
1602 267 1789 331 inquit,
1840 267 1945 316 ‘in-

338 365 614 412 trauerunt
651 362 869 410 domum
905 359 1041 407 hanc
1078 356 1181 405 duo
1223 352 1567 418 pulcherrimi
1613 351 1844 409 iuuenes,
1891 353 1943 399 et

340 443 674 496 resederunt1
702 444 836 492 circa
860 460 959 504 me,
986 458 1125 490 unus
1150 439 1213 488 ad
1241 440 1407 500 caput,
1434 439 1484 484 et
1503 451 1642 484 unus
1662 435 1725 483 ad
1751 434 1909 497 pedes
1931 452 1942 494 3

340 530 663 594 protulitque
679 545 818 577 unus
834 525 1075 574 libellum
1090 522 1479 586 perpulchrum,
1496 519 1585 567 sed
1602 519 1946 566 uehementer

341 614 622 674 modicum,
655 629 712 660 ac
736 610 870 659 mihi
903 609 967 657 ad
998 606 1283 671 legendum
1316 603 1459 652 dedit
1485 620 1496 663 3
1534 602 1590 649 in
1621 618 1722 664 quo
1748 600 1939 661 omnia,

344 714 474 761 quae
509 712 762 759 umquam
798 694 935 741 bona
970 692 1206 751 feceram,
1248 688 1464 735 intuens
1501 685 1688 748 scripta
1723 685 1941 747 repperi,

344 784 396 829 et
429 781 554 829 haec
593 781 740 827 erant
777 776 1005 825 nimium
1041 789 1204 836 pauca
1241 773 1293 820 et
1329 769 1543 819 modica.
1623 769 1947 831 Receperunt

346 864 586 923 codicem,
637 878 807 925 neque
844 858 1039 922 aliquid
1080 855 1214 904 mihi
1257 854 1512 903 dicebant.
1591 853 1730 900 Tum
1773 852 1948 901 subito

345 946 649 1010 superuenit
676 944 930 993 exercitus
962 940 1317 1003 malignorum
1349 940 1400 985 et
1433 936 1767 985 horridorum
1792 936 1948 984 uultu

348 1031 644 1094 spirituum,
697 1030 1018 1088 domumque
1067 1025 1202 1071 hanc
1252 1024 1304 1069 et
1354 1020 1582 1069 exterius
1631 1019 1848 1080 obsedit,
1897 1022 1948 1067 et

347 1115 493 1163 intus
528 1112 758 1161 maxima
789 1127 852 1158 ex
884 1110 1031 1172 parte
1068 1106 1300 1154 residens
1328 1103 1586 1167 impleuit.
1664 1103 1811 1151 Tunc
1840 1103 1944 1163 ille,

349 1198 437 1262 qui
476 1200 528 1245 et
566 1195 879 1244 obscuritate
915 1191 1218 1240 tenebrosae
1255 1188 1418 1243 faciei,
1458 1190 1509 1236 et
1544 1187 1775 1250 primatu
1813 1186 1951 1235 sedis

347 1281 511 1330 maior
546 1296 656 1327 esse
696 1277 975 1326 uidebatur
1018 1290 1212 1335 eorum,
1261 1272 1530 1335 proferens
1573 1271 1801 1319 codicem
1837 1270 1951 1318 hor·

347 1365 534 1413 rendae
552 1363 567 1386 ‘²
601 1361 833 1422 uisionis,
866 1361 916 1408 et
945 1356 1326 1421 magnitudinis
1356 1355 1596 1416 enormiS,
1629 1357 1680 1402 et
1708 1354 1953 1417 ponderis

348 1465 481 1511 pene
515 1444 857 1508 inportabiliS,
900 1442 1052 1491 iussit
1089 1441 1184 1489 uni
1222 1457 1283 1488 ex
1321 1439 1636 1488 satellitibus
1673 1438 1781 1486 suis
1818 1437 1953 1485 mihi

349 1532 413 1580 ad
451 1530 734 1593 legendum
772 1527 984 1575 deferre.
1064 1524 1233 1586 Quem
1277 1540 1397 1571 cum
1433 1522 1690 1585 legissem,
1733 1520 1954 1569 inueni3

351 1614 528 1663 omnia
567 1613 772 1672 scelera,
811 1628 918 1658 non
957 1608 1130 1658 solum
1165 1624 1295 1670 quae
1333 1623 1484 1669 opere
1522 1606 1608 1654 uel
1644 1605 1819 1667 uerbo,
1863 1605 1953 1653 sed

350 1695 508 1743 etiam
538 1709 667 1756 quae
700 1690 1010 1740 tenuissima
1043 1688 1356 1751 cogitatione
1384 1686 1605 1749 peccaui,
1644 1685 1953 1733 manifestis-

350 1776 480 1823 sime
515 1774 572 1821 in
604 1790 662 1821 eo
693 1771 889 1820 tetricis
922 1786 1033 1818 esse
1063 1768 1320 1830 descripta
1352 1767 1556 1816 litteris.
1635 1766 1955 1829 Dicebatque

351 1858 415 1907 ad
452 1857 585 1918 illos,
636 1855 726 1919 qui
764 1854 900 1902 mihi
938 1853 1259 1913 adsederant,
1308 1851 1451 1899 uiros
1488 1850 1688 1899 albatos
1731 1851 1783 1897 et
1818 1866 1957 1912 prae-

354 1943 549 1991 claros:
607 1939 791 2000 “Quid
844 1937 928 1985 hic
972 1936 1176 1996 sedetis,
1227 1936 1450 1983 scientes
1488 1933 1792 1994 certissime,
1836 1933 1957 1996 quia

353 2027 531 2075 noster
580 2025 658 2071 est
697 2021 883 2070 iste?''
956 2020 1394 2082 Responderunt:
1449 2018 1702 2066 “Uerum
1750 2017 1955 2066 dicitis:

352 2108 569 2171 accipite
610 2109 662 2154 et
699 2105 756 2153 in
788 2104 1062 2152 cumulum
1100 2102 1453 2159 damnationis
1489 2103 1693 2149 uestrae
1733 2101 1955 2150 ducite.'’

355 2192 468 2253 Quo
530 2191 669 2239 dicto
724 2188 902 2237 statim
952 2186 1357 2249 disparuerunt3
1432 2188 1808 2247 surgentesque
1856 2185 1958 2234 duo

326 2272 665 2338 *nequissimi
713 2271 941 2334 spiritus,
985 2269 1239 2317 habentes
1280 2269 1336 2316 in
1374 2267 1619 2316 manibus
1667 2285 1906 2317 uomeres
1923 2270 1955 2331 ⁴,

355 2358 726 2422 percusserunt
765 2372 863 2416 me,
911 2371 1050 2402 unus
1092 2353 1149 2401 in
1192 2353 1357 2415 capite
1395 2355 1447 2400 et
1488 2352 1622 2400 alius
1655 2349 1659 2417 1
1693 2352 1749 2400 in
1793 2353 1960 2415 pede:

357 2441 445 2505 qui
489 2440 736 2489 uidelicet
783 2438 940 2486 modo
990 2453 1110 2484 cum
1158 2453 1350 2499 magno
1399 2438 1662 2484 tormento
1709 2436 1961 2498 inrepunt

357 2525 414 2573 in
450 2524 698 2573 interiora
732 2520 958 2584 corporis
1001 2519 1119 2580 mei,
1163 2536 1389 2580 moxque
1431 2522 1490 2566 ut
1531 2520 1595 2567 ad
1634 2536 1688 2566 se
1730 2519 1961 2567 inuicem

358 2603 692 2667 perueniunt,
736 2600 944 2661 moriar,
976 2601 1027 2647 et
1063 2599 1256 2661 paratis
1282 2600 1344 2648 ad
1376 2599 1688 2661 rapiendum
1725 2616 1812 2647 me
1851 2600 1962 2648 dae-

357 2687 604 2736 monibus
629 2686 684 2733 in
711 2685 906 2732 inferni
932 2683 1155 2731 claustra
1178 2682 1478 2745 pertrahar.'
1681 2744 1684 2748 .

427 2771 509 2820 Sic
547 2769 857 2832 loquebatur
889 2767 1049 2815 miser
1082 2766 1372 2828 desperans,
1415 2768 1466 2814 et
1506 2782 1614 2814 non
1642 2766 1812 2815 multo
1844 2769 1963 2829 post

415 2961 425 2983 ¹
458 2961 672 3000 sederunt
693 2959 730 2997 B
751 2973 760 3008 3
791 2958 1042 2997 residerant
1065 2955 1129 2996 (3¹.
1206 2954 1221 2976 ²
1251 2955 1461 2994 horridae
1484 2955 1529 2994 C.
1645 2955 1659 2978 3
1691 2956 1878 2995 inuenio
1901 2955 1961 2995 M.

359 3027 373 3050 ⁴
402 3040 607 3066 uomeres
638 3027 714 3078 H„
749 3029 875 3064 added
904 3038 953 3063 οη
983 3027 1093 3063 lower
1105 3025 1263 3071 marqin
1293 3022 1384 3070 M²;
1415 3022 1451 3059 B
1483 3026 1555 3059 has
1583 3034 1787 3061 uomeres
1817 3025 1861 3060 in
1890 3025 1964 3061 text

363 3098 425 3132 but
455 3097 498 3131 in
527 3107 552 3132 α
583 3095 762 3140 different
789 3095 924 3138 hcmd;
956 3092 1079 3139 above,
1113 3092 1157 3127 in
1187 3102 1212 3126 α
1240 3092 1334 3126 later
1363 3091 1472 3126 hand
1502 3091 1537 3125 ‘is
1569 3091 1738 3126 written:
1769 3087 1840 3126 uel
1872 3087 1962 3127 cul·

360 3163 442 3209 tra,
477 3161 549 3199 uel
593 3159 756 3198 furcas.
827 3158 865 3196 N
896 3160 1038 3196 reads:
1067 3156 1169 3194 hab.
1200 3167 1318 3193 uom.
1357 3154 1407 3191 in
1437 3166 1558 3193 man.
1620 3154 1652 3194 G
1681 3157 1822 3193 reads:
1860 3154 1964 3194 hab.

359 3227 505 3266 cultra
535 3227 583 3264 in
614 3238 735 3265 man.
771 3224 1002 3263 hondseax
1035 3222 1079 3275 (ί.
1099 3235 1127 3261 e.
1159 3221 1321 3272 cultra)
1343 3220 1457 3269 AS.;
1487 3220 1672 3259 malleos
1686 3220 1757 3269 A*-

1991 2366 2017 2403 f.
2043 2378 2097 2402 111
2119 2378 2151 2401 a.
