2240 3444
92 290 327 334 Augustine

93 340 209 375 heals
228 351 254 374 a

93 390 210 425 blind
237 401 349 426 man.

86 1792 243 1826 Second

83 1842 341 1878 Conference.

386 130 456 182 82
510 121 512 124 ⁵
847 127 911 180 H
916 127 1115 182 istoria
1154 126 1546 180 Ecclesiastica
1803 132 1914 185 [Lm.
1934 138 1970 176 ΙΙ
1978 165 1989 176 .

382 277 573 340 aliquis
609 295 742 342 eger,
774 281 825 327 et
860 297 952 342 per
988 280 1135 328 cuius
1170 296 1345 343 preces
1380 278 1540 326 fuerit
1577 278 1797 337 curatus,
1828 274 1988 323 huius

382 361 513 410 fides
543 364 594 410 et
629 363 855 425 operatio
890 365 1000 412 Deo
1035 365 1224 412 deuota
1257 366 1412 425 atque
1449 361 1695 410 omnibus
1725 358 1988 421 sequenda

382 445 633 493 credatur.
644 447 655 465 ³
694 447 841 507 Quod
859 464 979 494 cum
995 446 1290 507 aduersarii,
1308 445 1466 493 inuiti
1481 443 1979 504 licet,concederent,

380 528 585 577 adlatus
610 532 688 577 est
716 530 929 592 quidam
955 531 1018 578 de
1043 548 1230 593 genere
1249 530 1561 592 Anglorum,
1585 526 1854 575 oculorum
1873 525 1989 573 luce

379 611 615 674 priuatus
638 631 650 673 3
688 613 779 675 qui
805 631 924 661 cum
952 614 1157 662 oblatus
1182 615 1502 662 Brettonum
1529 610 1883 660 sacerdotibus
1908 608 1985 657 nil

380 695 663 744 curationis
697 697 1104 745 uelsanationis
1137 697 1330 745 horum
1356 694 1649 743 ministerio
1682 693 1981 757 perciperet,

380 779 596 826 tandem
622 780 970 841 Augustinus,
998 780 1135 829 iusta
1159 780 1467 828 necessitate
1493 777 1790 840 conpulsus,
1821 775 1986 824 flectit

378 878 550 924 genua
603 880 696 910 sua
744 864 807 911 ad
857 864 1069 912 Patrem
1113 864 1330 912 Domini
1378 863 1546 911 nostri
1595 862 1718 910 Iesu
1770 859 1978 921 Christi,

379 945 672 1007 deprecans,
705 948 764 994 ut
788 947 966 995 uisum
991 964 1150 1008 caeco,
1194 964 1351 1009 quem
1378 946 1634 1007 amiserat,
1667 945 1980 1004 restitueret,

378 1030 430 1075 et
465 1046 558 1090 per
593 1029 1057 1078 inluminationem
1095 1031 1252 1078 unius
1288 1030 1522 1078 hominis
1559 1028 1892 1091 corporalem,
1928 1028 1985 1076 in

376 1111 726 1173 plurimorum
775 1115 926 1162 corde
974 1115 1213 1162 fidelium
1261 1113 1510 1176 spiritalis
1570 1113 1793 1177 gratiam
1853 1111 1986 1160 lucis

379 1196 694 1244 accenderet.
746 1197 881 1249 .Nec
919 1215 1078 1259 mora,
1122 1198 1474 1245 inluminatur
1511 1213 1702 1257 cachS,
1734 1213 1791 1244 ac
1828 1213 1984 1244 uerus

375 1295 611 1326 summae
653 1280 784 1328 lucis
830 1298 1013 1343 praeco
1052 1282 1116 1330 ab
1156 1282 1400 1329 omnibus
1441 1281 1768 1343 praedicatur
1807 1281 1985 1343 Augu-

375 1362 557 1411 stinus.
613 1364 750 1411 Tum
779 1365 1060 1413 Brettones
1087 1365 1406 1413 confitentur
1426 1364 1640 1427 quidem
1661 1364 1983 1412 intellexisse

374 1462 429 1492 se
466 1462 646 1494 ueram
685 1465 795 1496 esse
830 1448 971 1497 uiam
1005 1449 1248 1507 iustitiae,
1280 1465 1437 1510 quam
1463 1448 1780 1510 praedicaret
1805 1450 1982 1511 Augu-

374 1529 546 1577 stinus
570 1549 581 1590 3
619 1532 709 1578 sed
741 1549 849 1579 non
881 1549 934 1579 se
955 1533 968 1557 1
994 1549 1146 1595 posse
1165 1533 1372 1595 -absque
1399 1549 1611 1579 suorum
1639 1548 1898 1580 consensu
1923 1548 1980 1580 ac

373 1611 584 1661 licentia
619 1614 802 1676 priscis
839 1615 1076 1664 abdicare
1113 1616 1359 1664 moribus.
1400 1615 1404 1676 1
1441 1615 1597 1663 Unde
1625 1615 1974 1677 postulabant,

374 1698 432 1743 ut
458 1698 685 1745 secundo
713 1700 944 1760 synodus
969 1699 1208 1761 pluribus
1232 1699 1634 1747 aduenientibus
1659 1699 1817 1747 fieret.

445 1779 594 1839 Quod
633 1798 754 1828 cum
793 1785 928 1830 esset
964 1784 1234 1843 statutum,
1267 1785 1541 1844 uenerunt,
1585 1785 1643 1830 ut
1679 1782 1974 1844 perhibent,

372 1861 483 1910 VH
546 1864 863 1913 Brettonum
912 1866 1139 1928 episcopi
1196 1868 1246 1914 et
1295 1866 1471 1927 plures
1517 1865 1622 1913 uiri
1671 1865 1974 1926 doctissimi,

372 1946 600 1994 maxime
638 1949 702 1996 de
738 1949 1069 1997 nobilissimo
1107 1967 1288 1997 eorum
1330 1950 1660 2011 monasterio,
1708 1951 1844 2013 quod
1887 1967 1979 1998 uo-

371 2031 517 2077 catur
555 2030 736 2094 lingua
772 2032 1072 2095 Anglorum
1115 2034 1525 2096 Bancornaburg
1540 2033 1570 2094 2,
1620 2035 1704 2082 cui
1744 2037 1978 2097 tempore

371 2112 463 2159 illo
489 2113 685 2161 Dinoot
710 2116 869 2163 abbas
894 2116 1176 2177 praefuisse
1202 2120 1454 2178 narratur,
1482 2118 1571 2180 qui
1597 2119 1660 2166 ad
1686 2118 1977 2180 praefatum

371 2196 532 2243 ituri3
571 2198 853 2246 concilium
892 2201 1154 2247 uenerunt
1190 2200 1362 2262 primo
1399 2202 1463 2249 ad
1500 2202 1765 2263 quendam
1800 2201 1977 2250 uirum

372 2282 613 2327 sanctum
646 2298 703 2328 ac
736 2283 1064 2344 prudentem,
1110 2284 1200 2345 qui
1238 2285 1374 2346 apud
1393 2286 1410 2309 4
1435 2302 1520 2333 eos
1560 2285 1976 2333 anachoreticam

371 2363 556 2410 ducere
576 2364 744 2412 uitam
765 2366 974 2426 solebat,
998 2367 1344 2428 consulentes,
1366 2385 1433 2415 an
1452 2368 1514 2416 ad
1539 2368 1975 2430 praedicationem

369 2446 658 2508 Augustini
701 2465 819 2495 suas
858 2449 1091 2497 deserere
1140 2451 1449 2499 traditiones
1497 2452 1746 2499 deberent
1765 2452 1794 2500 ⁵.
1875 2453 1977 2514 Qui

369 2531 752 2592 respondebat:
821 2532 908 2580 ‘Si
950 2535 1109 2581 homo
1159 2535 1256 2582 Dei
1314 2538 1405 2595 est,
1460 2535 1742 2597 sequimini
1789 2536 1975 2584 illum.'

370 2613 630 2662 Dixerunt
653 2633 663 2662 :
709 2616 718 2636 ‘
739 2615 807 2663 Et
832 2616 971 2662 unde
990 2617 1087 2663 hoc
1113 2635 1392 2679 possumus
1416 2619 1632 2681 probare
1651 2621 1676 2667 ‘?
1695 2619 1706 2637 ⁹
1750 2621 1825 2668 At
1849 2620 1941 2668 ille
1963 2639 1974 2670 ε

375 2698 385 2718 ⁶
404 2696 696 2757 Dominus,’
722 2697 908 2760 inquit,
951 2699 1054 2747 ‘ait
1077 2718 1088 2747 ε
1140 2700 1376 2748 “Tollite
1401 2701 1584 2763 iugum
1609 2719 1789 2751 meum
1817 2720 1972 2767 super
2003 2704 2153 2742 Mafi‘ssh·
2165 2704 2218 2742 xi.

371 2796 478 2840 uos,
511 2782 562 2827 et
589 2781 772 2828 discite
793 2798 821 2828 a
852 2798 949 2840 me,
978 2783 1099 2844 quia
1124 2784 1271 2830 mitis
1298 2800 1416 2831 sum
1449 2787 1501 2832 et
1526 2785 1747 2833 humilis
1771 2788 1971 2836 corde.”

369 2862 425 2910 Si
468 2879 588 2924 ergo
636 2865 968 2926 Augustinus
1015 2865 1104 2912 ille
1148 2866 1293 2913 mitis
1335 2869 1413 2915 est
1453 2869 1506 2914 et
1543 2867 1763 2916 humilis
1802 2871 1967 2932 corde,

370 2945 613 2993 credibile
652 2949 742 3008 est,
788 2948 908 3010 quia
955 2948 1138 3011 iugum
1187 2949 1385 2998 Christi
1434 2952 1485 2998 et
1531 2950 1642 3014 ipse
1688 2954 1872 3015 portet,
1920 2957 1973 3003 et

423 3082 435 3104 ¹
466 3096 510 3121 se
531 3097 604 3123 om.
623 3084 697 3125 Ml.
867 3085 881 3106 2
912 3087 1016 3125 bon·
1040 3085 1087 3125 Οι
1107 3100 1116 3135 ;
1147 3086 1195 3125 of
1211 3088 1507 3139 boncrabyrig
1527 3089 1628 3131 A.s.
1789 3091 1803 3113 3
1833 3092 1966 3131 illum

367 3149 425 3188 M.
449 3148 528 3200 Η]1
550 3154 689 3189 altered
710 3156 742 3189 to
764 3153 880 3191 illud
900 3165 1021 3193 conc.
1042 3154 1293 3193 uenientes.
1317 3153 1405 3203 HJ.
1735 3156 1749 3178 ⁴
1777 3160 1886 3208 aput
1906 3159 1965 3199 M.

364 3214 379 3236 ⁵
409 3215 669 3256 debuissent
689 3216 761 3258 M1.

2018 862 2068 921 .0.f.·
2089 862 2193 907 Eph-

2016 925 2073 950 111.
2098 925 2149 957 14.

2010 1611 2036 1647 f.
2059 1615 2102 1648 28
2121 1613 2157 1649 b.

2002 2766 2057 2802 29.
