2240 3444
115 1323 303 1367 Baptism
318 1322 364 1357 of

114 1373 289 1418 Sigbert.

117 2159 287 2193 Mission

115 2210 199 2243 and
218 2220 313 2244 con-

115 2259 322 2294 secration

116 2309 162 2343 of
176 2310 296 2345 Cedd.

409 76 435 125 1
447 77 514 128 72
862 76 927 128 H
924 76 1128 130 istoria
1166 77 1557 130 Ecclesiastico
1803 86 1913 139 [Lm.
1938 92 2012 130 ΙΙΙ.

407 223 705 272 conculcata
730 223 787 271 in
812 226 1008 273 terram
1033 227 1378 275 uerterentur.
1428 226 1600 274 Deum
1620 225 1796 288 potius
1814 225 2015 274 intelle-

406 306 639 369 gendum
665 307 937 356 maiestate
961 308 1544 371 inconprehensibilem,
1575 308 1825 357 humanis
1850 309 2014 358 oculis

406 389 745 451 inuisibilem,
787 391 1222 454 omnipotentem,
1262 394 1550 452 aeternum,
1595 391 1686 454 qui
1722 392 1925 440 caelum
1962 395 2013 440 et

406 475 601 521 terram
627 476 678 521 et
704 475 1002 523 humanum
1039 492 1204 538 genus
1241 477 1474 536 creasset,
1515 478 1521 532 Ι
1554 477 1767 538 regeret,
1800 478 1851 523 et
1888 474 2015 523 iudi-

408 559 616 605 caturus
642 560 778 606 esset
804 559 985 606 orbem
1019 558 1076 605 in
1110 558 1372 620 aequitate
1398 577 1408 619 ;
1447 558 1595 606 cuius
1626 559 1773 606 sedes
1805 562 2015 608 aeterna

406 656 515 687 non
548 639 605 687 in
640 639 736 687 uili
769 643 820 688 et
852 627 1040 689 caduco
1070 641 1298 701 metallo,
1331 641 1420 689 sed
1458 641 1513 689 in
1553 641 1706 689 caelis
1744 643 1879 689 esset
1916 659 2016 690 cre-

408 723 614 784 denda3
675 724 970 786 meritoque
1018 724 1453 786 intellegendum,
1509 724 1629 787 quia
1678 740 1875 785 omnes,
1925 726 2016 787 qui

407 807 735 855 uoluntatem
802 807 926 868 eius,
980 824 1009 855 a
1069 824 1172 869 quo
1232 808 1388 855 creati
1449 810 1588 868 sunt,
1639 807 1903 856 discerem:
1964 810 2014 855 et

407 890 647 951 facerent,
695 893 904 938 aeterna
945 890 1009 938 ab
1057 891 1150 938 1110
1199 891 1430 953 praemia
1480 893 1654 939 essent
1701 891 2009 953 percepturi.

408 974 553 1022 Haec
597 975 647 1021 et
691 973 996 1022 huiusmodi
1038 974 1208 1022 multa
1248 992 1367 1022 cum
1411 991 1501 1022 rex
1545 974 1710 1023 Osuiu
1753 974 1864 1037 regi
1908 974 2014 1037 Sig-

406 1055 615 1105 bercto1
653 1057 861 1105 amicali
899 1060 951 1106 et
991 1058 1137 1120 quasi
1171 1058 1403 1106 fraterno
1438 1057 1654 1106 consilio
1680 1074 1831 1120 saepe
1856 1058 2016 1105 incul-

405 1141 557 1200 caret,
588 1141 805 1188 tandem
838 1139 1053 1188 iuuante
1082 1141 1372 1189 amicorum
1399 1158 1655 1189 consensu
1682 1140 1913 1200 credidit,
1945 1142 2010 1197 et,

405 1224 540 1272 facto
579 1241 699 1271 cum
735 1223 844 1271 suis
882 1224 1115 1285 consilio,
1149 1241 1270 1273 cum
1307 1225 1681 1285 exhortatione,
1713 1223 2015 1272 fauentibus

406 1307 609 1356 cunctis
651 1310 702 1355 et
746 1308 1102 1356 adnuentibus
1135 1308 1271 1370 fidei,
1317 1309 1609 1370 baptizatus
1651 1310 1729 1356 est
1778 1325 1899 1355 cum
1943 1308 2016 1355 eis

405 1409 434 1440 a
470 1392 672 1439 Finano
711 1392 950 1454 episcopo
986 1392 1043 1440 in
1086 1392 1217 1440 uilla
1254 1392 1409 1456 regia,
1450 1393 1600 1440 cuius
1643 1409 1798 1455 supra
1837 1391 2014 1440 memi-

405 1475 600 1537 nimus,
651 1476 814 1538 quae-²
859 1476 1263 1538 cognominatur
1302 1477 1388 1524 Ad
1428 1477 1657 1525 Murum.
1734 1476 1829 1524 Est
1872 1475 2015 1523 enim

405 1559 552 1606 iuxta
576 1576 791 1606 murum
812 1559 842 1617 3,
873 1576 974 1621 quo
1013 1559 1140 1607 olim
1180 1559 1407 1608 Romani
1438 1559 1759 1607 Brittaniam
1783 1558 2014 1606 insulam

405 1643 749 1706 praecinxere,
796 1643 910 1691 XII
951 1644 1202 1692 111111101154
1246 1661 1500 1706 passuum
1537 1660 1566 1692 a
1603 1642 1737 1691 mari
1775 1642 2014 1691 orientali

406 1729 614 1776 secreta.

475 1810 648 1874 Igitur
672 1828 762 1858 rex
790 1811 1053 1874 Sigberct⁵
1079 1811 1277 1859 aeterni
1301 1811 1450 1874 regni
1478 1811 1584 1858 iam
1618 1810 1748 1858 ciuis
1782 1810 2009 1869 effectus.

405 1894 713 1956 temporalis
765 1894 846 1941 sui
906 1895 1056 1957 regni
1104 1895 1284 1942 sedem
1332 1895 1541 1957 repetiit
1558 1895 1587 1956 ⁶,
1636 1894 1909 1956 postulans
1951 1893 2015 1940 ab

408 1977 600 2026 Osuiu⁷
622 1995 753 2040 rege,
780 1980 839 2025 ut
864 1978 1067 2040 aliquos
1097 1978 1199 2026 sibi
1225 1979 1462 2026 doctores
1487 1979 1645 2039 daret,
1679 1977 1770 2040 qui
1800 1980 2014 2039 gentem

406 2077 556 2108 suam
590 2061 653 2108 ad
685 2061 845 2108 fidem
884 2061 1081 2109 Christi
1119 2063 1499 2122 conuerterent,
1533 2078 1588 2108 ac
1619 2061 1766 2108 fonte
1801 2060 2016 2108 salutari

406 2144 690 2191 abluerent.
768 2145 844 2192 At
881 2144 972 2192 ille
1009 2145 1230 2192 mittens
1260 2146 1324 2193 ad
1354 2144 1679 2206 prouinciam
1721 2143 2017 2191 Mediterra-

408 2244 629 2275 neorum
654 2227 956 2289 Anglorum
996 2228 1242 2276 clamauit
1267 2228 1333 2276 ad
1361 2245 1415 2276 se
1440 2228 1618 2275 uirum
1652 2227 1749 2275 Dei
1777 2227 1932 2288 Cedd,
1966 2228 2014 2274 et

409 2311 529 2358 dato
571 2310 650 2357 illi
689 2312 825 2358 socio
862 2312 1025 2359 altero
1063 2312 1291 2373 quodam
1329 2311 1648 2374 presbytero,
1681 2310 1828 2358 misit
1871 2326 2015 2372 prae-

410 2394 576 2441 dicare
597 2394 819 2442 uerbum
847 2394 993 2458 genti
1020 2395 1369 2443 Orientalium
1397 2395 1680 2443 Saxonum.
1759 2394 1868 2443 Ubi
1894 2411 2015 2442 cum

410 2477 588 2525 omnia
612 2478 1040 2540 perambulantes
1077 2479 1302 2526 multam
1340 2478 1571 2526 Domino
1598 2478 1868 2526 ecclesiam
1895 2495 2015 2525 con—

409 2564 722 2625 gregassent,
767 2562 986 2625 contigit
1028 2564 1265 2624 tempore
1309 2562 1536 2624 quodam
1559 2562 1572 2583 '²
1610 2563 1837 2610 eundem
1874 2562 2015 2610 Cedcl

410 2644 579 2693 redire
617 2646 850 2705 domum,
893 2661 950 2692 ac
986 2645 1264 2707 peruenire
1297 2645 1360 2692 ad
1396 2644 1669 2692 ecclesiam
1700 2644 2016 2692 Lindisfaro-

410 2729 658 2776 nensem⁹
677 2730 890 2791 propter
916 2728 1254 2790 conloquium
1275 2728 1465 2776 Finani
1491 2728 1734 2790 episcopi.
1792 2728 1893 2789 Qui
1922 2728 2013 2776 ubi

408 2814 773 2874 prosperatum
823 2812 871 2859 ei
919 2829 1050 2874 opus
1105 2811 1364 2874 euangelii
1413 2812 1664 2874 conperit,
1720 2812 1844 2860 fecit
1893 2829 2014 2859 eum

411 2895 714 2958 episcopum
750 2896 808 2943 in
849 2898 1061 2958 gentem
1105 2894 1454 2944 Orientalium
1495 2896 1774 2957 Saxonum,
1821 2895 2016 2943 uocatis

467 3033 476 3056 ¹
511 3035 716 3073 -berchto
734 3035 765 3073 C
786 3047 794 3082 ;
817 3035 1010 3072 -berecto
1028 3034 1082 3072 N.
1141 3031 1155 3053 2
1185 3034 1263 3082 qui
1281 3032 1403 3071 MSS.
1449 3032 1463 3053 ³
1484 3034 1551 3071 est
1576 3064 1584 3072 .
1609 3064 1617 3072 .
1642 3064 1650 3072 .
1672 3045 1854 3071 murum
1870 3045 1946 3071 om.
1962 3033 2014 3071 B.

411 3100 423 3121 ⁴
456 3101 585 3139 milia
607 3101 654 3140 C.
769 3100 783 3122 5
816 3101 967 3139 -berht
990 3101 1021 3139 C
1042 3114 1049 3147 ;
1080 3100 1246 3138 -berect
1267 3100 1321 3138 N.
1407 3097 1421 3118 ⁶
1451 3100 1586 3148 petiit
1608 3099 1666 3138 M.
1689 3104 1728 3137 at
1750 3102 1961 3146 beyz'nnz'nss
1980 3102 2025 3144 of

410 3181 433 3205 α
457 3170 548 3206 line.
663 3164 676 3185 ⁷
706 3168 830 3205 osuio
852 3167 905 3206 N.
928 3167 991 3206 ΟΖ.
1014 3167 1079 3204 132.
1199 3165 1213 3186 ⁸
1245 3165 1441 3215 quadam
1464 3165 1522 3204 M.
1623 3165 1637 3186 ‘⁰'
1667 3165 1944 3203 -farnenscm
1968 3165 2014 3203 C.

2043 480 2069 515 f.
2092 482 2139 517 60
2156 493 2190 517 a.

2044 531 2106 566 Ps.
2127 543 2216 567 xcv.

2048 593 2095 625 13.
