2240 3444
361 119 470 170 300
833 119 1098 172 Historia
1134 118 1525 172 Ecclesiasticco
1783 128 1891 181 [Lm.
1915 130 1965 170 V.

363 268 448 326 et,
479 283 862 329 quemcumque
899 283 1011 314 sors
1048 257 1349 327 ostenderit,
1393 265 1535 313 hunc
1572 267 1807 327 tempore
1843 265 1968 313 belli

364 350 549 397 ducem
588 366 773 397 omnes
813 352 1119 412 sequuntur,
1166 349 1287 397 huic
1326 349 1691 410 obtemperant
1712 367 1723 409 3
1760 351 1967 410 peracto

363 434 541 480 autem
582 433 734 494 bello,
783 450 991 481 rursum
1031 433 1260 496 aequalis
1302 432 1566 494 potentiae
1609 448 1792 480 omnes
1830 432 1968 481 fiunt

363 517 611 578 satrapae.
691 516 931 578 Suscepit
964 533 1082 578 ergo
1117 532 1203 563 eos
1239 515 1443 575 uilicus,
1483 517 1534 562 et
1563 515 1881 577 promittens
1915 531 1969 563 se

363 598 575 647 mittere
600 615 687 647 eos
706 599 768 647 ad
796 602 1071 661 satrapam,
1104 599 1194 661 qui
1218 615 1373 661 super
1391 615 1445 646 se
1465 600 1587 659 erat,
1619 600 1678 646 ut
1699 598 1960 660 petebant,

363 682 563 744 aliquot
587 682 771 730 diebus
797 699 975 730 secum
1001 682 1231 731 retinuit.

435 766 536 827 Qui
584 782 705 813 cum
755 765 952 829 cogniti
1006 768 1180 813 essent
1228 783 1257 814 a
1307 765 1549 826 barbaris,
1604 765 1741 828 quod
1793 768 1967 814 essent

362 844 579 898 alterius
638 849 920 912 religionis,
977 848 1120 910 (nam
1183 851 1233 897 et
1287 849 1503 911 psalmis
1558 865 1763 911 semper
1813 851 1966 912 atque

363 932 687 981 orationibus
730 933 997 992 uacabant,
1047 934 1098 979 et
1142 932 1328 980 cotidie
1366 931 1675 980 sacrificium
1715 933 1826 980 Deo
1870 933 1968 981 uic-

360 1016 523 1064 timae
571 1015 813 1064 salutaris
867 1016 1167 1076 offerebant,
1220 1015 1476 1064 habentes
1529 1032 1706 1063 secum
1756 1016 1967 1064 uascula

364 1116 506 1148 sacra
532 1102 583 1147 et
609 1098 843 1147 tabulam
873 1099 1051 1147 altaris
1084 1099 1197 1147 uice
1229 1099 1556 1161 dedicatam),
1589 1099 1816 1162 suspecti
1842 1102 1967 1148 sunt
2016 1098 2024 1104 ⁴

362 1183 541 1243 habiti,
574 1184 707 1245 quia,
731 1184 772 1231 si
798 1182 1135 1245 peruenirent
1154 1183 1216 1230 ad
1245 1185 1520 1245 satrapam,
1553 1186 1603 1231 et
1629 1183 1969 1245 loquerentur

361 1282 481 1313 cum
519 1265 624 1325 illo,
674 1266 973 1313 auerterent
1013 1264 1168 1312 illum
1208 1281 1237 1312 a
1276 1265 1376 1313 diis
1411 1265 1531 1327 suis,
1576 1268 1627 1314 et
1665 1267 1728 1314 ad
1771 1283 1967 1314 nouam

363 1348 688 1398 Christianae
727 1349 849 1397 fidei
888 1348 1195 1411 religionem
1231 1348 1587 1411 transferrent,
1633 1349 1809 1412 sicque
1850 1367 1970 1412 pau-

360 1431 512 1480 latim
547 1433 720 1480 omnis
750 1449 930 1481 eorum
963 1432 1233 1495 prouincia
1266 1435 1499 1480 ueterem
1529 1436 1798 1495 cogeretur
1832 1450 1970 1482 noua
1996 1470 2005 1475 a

362 1518 566 1564 mutare
615 1517 890 1566 culturam.
969 1516 1155 1578 Itaque
1203 1519 1489 1578 rapuerunt
1539 1533 1626 1565 eos
1674 1517 1861 1579 subito,
1918 1519 1969 1566 et

361 1599 743 1648 interemerunt
764 1619 775 1661 ς
831 1600 1035 1650 Album
1098 1600 1312 1664 quidem
1363 1600 1737 1650 Heuualdum1
1800 1601 1968 1649 ueloci

362 1684 614 1732 occisione
650 1684 823 1746 gladii,
869 1685 1138 1749 Nigellum
1177 1692 1352 1734 autem
1395 1686 1551 1749 longo
1589 1684 1967 1747 suppliciorum

363 1768 608 1829 cruciatu,
655 1770 706 1815 et
748 1769 1004 1818 horrenda
1038 1768 1042 1833 Ι
1075 1770 1435 1818 membrorum
1473 1769 1712 1817 omnium
1750 1768 1969 1832 discerp-
1999 1779 2025 1814 f.
2052 1781 2116 1815 106
2134 1780 2169 1815 b.

361 1850 504 1898 tione
526 1869 537 1911 3
576 1868 706 1912 quos
730 1851 1040 1901 interemtos
1065 1854 1122 1902 in
1157 1852 1372 1902 Ιῖ11611ο2
1399 1853 1741 1916 proiecerunt.
1820 1852 1967 1913 Quod

363 1950 485 1981 cum
539 1937 742 1996 satrapa
794 1935 895 1996 ille,
953 1954 1111 1998 quem
1167 1938 1346 1986 uidere
1400 1936 1662 1997 uolebant,
1717 1935 1962 1996 audisset,

362 2017 525 2065 iratus
559 2020 638 2066 est
677 2019 841 2081 ualde,
879 2022 1016 2082 quod
1047 2022 1110 2069 ad
1143 2038 1197 2068 se
1231 2021 1410 2069 uenire
1438 2020 1677 2068 uolentes
1710 2019 1969 2082 peregrini

363 2117 469 2148 non
512 2102 975 2164 permitterentur3
1024 2106 1076 2151 et
1112 2104 1330 2152 mittens
1367 2104 1554 2152 occidit
1592 2103 1808 2152 uicanos
1849 2103 1970 2152 illos
1999 2115 2197 2174 gfiMatth

364 2200 561 2244 omnes,
616 2185 896 2248 uicumque
956 2187 1197 2236 incendio
1259 2188 1560 2236 consumsit.
1640 2187 1789 2235 Passi
1845 2189 1970 2235 sunt
1999 2178 2040 2202 Π·
2066 2167 2132 2221 ¹6²

361 2269 538 2315 autem
569 2269 787 2330 praefati
817 2271 1105 2319 sacerdotes
1142 2273 1192 2319 et
1229 2271 1415 2319 famuli
1453 2270 1647 2320 Christi
1682 2271 1769 2319 VO.
1801 2270 1969 2319 Nona-

360 2367 481 2398 rum
508 2352 812 2401 Octobrium
839 2354 936 2402 die.

73 2438 278 2474 Miraeles.
433 2435 539 2483 Nec
595 2437 846 2499 martyrio
904 2454 1085 2485 eorum
1143 2437 1382 2486 caelestia
1436 2438 1646 2486 defuere
1701 2438 1966 2486 miracula.

363 2518 501 2566 Nam
541 2536 660 2566 cum
697 2523 933 2582 peremta
969 2538 1149 2569 eorum
1187 2538 1398 2583 corpora
1434 2522 1591 2583 amni,
1622 2524 1682 2570 ut
1720 2521 1962 2582 diximus,

362 2615 390 2646 a
441 2599 656 2662 paganis
712 2603 885 2648 essent
937 2601 1140 2662 iniecta,
1196 2601 1427 2663 contigit,
1491 2604 1550 2650 ut
1609 2602 1736 2650 haec
1790 2604 1967 2650 contra

363 2683 623 2744 impetum
643 2683 794 2731 fluuii
815 2684 1148 2746 decurrentis,
1180 2702 1271 2747 per
1292 2685 1387 2732 XL
1408 2685 1514 2732 fere
1534 2685 1680 2733 milia
1698 2702 1963 2748 passuum,

363 2767 427 2814 ad
478 2783 536 2814 ea
579 2783 743 2829 usque
792 2767 916 2830 loca,
966 2768 1055 2816 ubi
1096 2768 1309 2816 illorum
1353 2770 1500 2817 erant
1544 2769 1682 2830 socii,
1727 2770 1968 2819 transfer-

364 2851 548 2897 rentur
565 2847 595 2898 3.
675 2850 776 2899 Sed
816 2853 867 2899 et
903 2851 1081 2899 radius
1123 2852 1255 2900 lucis
1293 2852 1662 2915 permaximus,
1711 2855 1867 2915 atque
1904 2855 1967 2902 ad

363 2932 564 2981 caelum
598 2951 763 2996 usque
797 2934 948 2995 altus,
980 2935 1126 2982 omni
1155 2938 1308 2983 nocte
1342 2952 1499 2998 supra
1529 2936 1701 2983 locum
1735 2936 1969 3000 fulgebat

363 3017 531 3077 illum,
580 3017 895 3081 ubicumque
933 3020 1023 3067 ea⁴¹
1065 3018 1365 3082 peruenisse
1404 3019 1740 3082 contingeret,
1784 3022 1835 3068 et
1871 3012 1968 3069 hoc

419 3142 429 3164 ¹
461 3146 515 3182 sic
535 3144 611 3192 013
642 3145 887 3184 heauuald-
911 3145 972 3186 C'2.
1099 3143 1114 3166 ²
1142 3145 1286 3184 hreno
1308 3145 1356 3184 B.
1385 3145 1429 3184 C.
1454 3145 1508 3185 N.
1621 3145 1636 3168 ³
1665 3144 1890 3184 -ferentur
1909 3145 1971 3185 M.-

362 3211 408 3251 C.
434 3213 509 3262 Hl.
531 3214 618 3253 W1.
751 3214 765 3236 4
797 3229 871 3255 eos
892 3216 949 3256 M.
