2240 3444
30 620 65 654 A
85 618 266 654 miracle.

319 102 425 154 278
781 98 1043 153 Historia
1083 96 1472 151 Ecclesiastico,
1660 140 1662 143 ,
1714 103 1823 155 [Lm.
1847 105 1920 145 IV.

813 324 965 373 CAP.
1007 324 1198 372 xx1x
1234 317 1486 389 [xxxm.

536 468 582 503 Ut
601 467 764 512 quidam
779 461 792 482 ¹
812 467 865 502 ad
889 467 1064 501 tumbam
1084 466 1169 501 eius
1190 466 1241 501 sit
1261 476 1286 500 α
1300 464 1482 508 paralysi
1503 464 1670 499 sanatus
1685 457 1712 497 ².

389 601 539 649 ERAT
574 601 630 648 in
666 599 848 648 eodem
884 599 1202 647 monasterio
1245 598 1406 646 frater
1439 596 1664 660 quidam,
1708 594 1924 643 nomine

322 684 655 746 Badudegnss,
697 687 931 746 tempore
970 699 1077 730 non
1125 698 1286 744 pauco
1325 680 1594 743 hospitum
1631 677 1924 727 ministerio

322 768 632 829 deseruiens,
690 766 779 829 qui
838 783 979 814 nunc
1040 782 1203 828 usque
1258 766 1507 827 superest,
1562 761 1926 810 testimonium

322 852 519 900 habens
543 850 606 898 ab
632 850 897 898 uniuersis
922 849 1183 909 fratribus,
1221 847 1529 910 cunctisque
1562 845 1929 908 superuenien-

324 935 466 983 tibus
514 933 820 995 hospitibus,
875 932 1013 995 quod
1063 932 1146 979 uir
1189 933 1325 979 esset
1366 930 1564 978 multae
1613 929 1823 992 pietatis
1872 943 1930 975 ac

325 1017 603 1080 religionis,
658 1016 1001 1077 iniunctoque
1050 1014 1148 1063 sibi
1200 1014 1366 1062 officio
1417 1029 1670 1075 supernae
1717 1013 1930 1060 tantum

325 1101 579 1150 mercedis
603 1100 767 1163 gratia
793 1098 1049 1147 subditus.
1127 1098 1228 1145 Hic
1260 1115 1380 1145 cum
1413 1097 1638 1159 quadam
1672 1095 1755 1144 die
1785 1095 1931 1142 lenas

326 1185 434 1232 siue
455 1201 585 1246 saga,
609 1182 801 1245 quibus
820 1182 876 1229 in
898 1181 1157 1243 hospitale
1176 1181 1433 1241 utebatur,
1459 1179 1516 1228 in
1536 1179 1668 1227 mari
1685 1179 1925 1238 lauasset,

326 1268 531 1316 rediens
551 1267 779 1326 domum,
806 1265 1077 1327 repentina
1101 1264 1274 1312 medio
1299 1264 1486 1311 itinere
1506 1262 1746 1311 molestia
1764 1264 1932 1310 tactus

328 1354 420 1413 est,
463 1352 534 1399 ita
570 1353 629 1398 ut
669 1367 916 1420 corruens
954 1351 1011 1397 in
1054 1352 1261 1409 terram,
1299 1352 1350 1398 et
1389 1348 1693 1411 aliquandiu
1735 1363 1933 1410 pronus

329 1436 512 1495 iacens,
539 1434 627 1482 uix
653 1434 868 1482 tandem
888 1436 1195 1497 resurgeret.
1251 1433 1552 1495 Resurgens
1571 1434 1747 1480 autem
1768 1432 1933 1479 sensit

330 1518 600 1567 dimidiam
625 1517 850 1579 corporis
882 1516 964 1565 sui
994 1518 1198 1579 partem
1231 1533 1260 1564 a
1294 1516 1461 1579 capite
1493 1532 1658 1578 usque
1686 1515 1749 1563 ad
1775 1515 1935 1577 pedes

328 1601 580 1665 paralysis
628 1601 839 1664 langore
888 1601 1200 1663 depressam,
1247 1602 1299 1648 et
1334 1599 1565 1648 maximo
1603 1616 1723 1647 cum
1759 1598 1935 1646 labore

331 1684 515 1733 baculo
552 1684 785 1732 innitens
821 1684 1039 1731 domum
1075 1683 1331 1746 peruenit.
1410 1682 1682 1732 Crescebat
1719 1681 1934 1729 morbus

331 1767 597 1831 paulatim,
639 1770 690 1816 et
728 1770 879 1816 nocte
915 1766 1316 1829 superueniente
1351 1766 1554 1829 grauior
1590 1766 1804 1814 effectus
1836 1766 1928 1825 est,

331 1851 404 1898 ita
439 1853 498 1898 ut
535 1851 617 1898 die
654 1850 904 1897 redeunte
941 1849 1030 1897 uix
1068 1849 1179 1911 ipse
1212 1866 1303 1911 per
1335 1865 1389 1896 se
1425 1865 1700 1911 exsurgere
1737 1848 1827 1895 aut
1858 1846 1932 1894 in·

333 1935 512 1982 cedere
560 1933 771 1982 ualeret.
851 1933 963 1994 Quo
1009 1933 1228 1981 affectus
1277 1931 1625 1993 incommodo,
1669 1930 1936 1992 concepit*

334 2017 624 2065 utillimum
662 2018 840 2065 mente
879 2016 1172 2076 consilium,
1205 2017 1263 2064 ut
1299 2016 1363 2063 ad
1402 2015 1684 2075 ecclesiam,
1728 2030 1937 2077 quoquo

336 2100 493 2148 modo
537 2101 722 2162 posset,
766 2098 1092 2161 perueniens,
1134 2099 1355 2147 intraret
1402 2099 1465 2147 ad
1516 2098 1756 2146 tumbam
1792 2113 1938 2144 reue-

336 2183 618 2231 rentissimi
677 2184 840 2244 patris
900 2183 1225 2243 Cudbercti5,
1279 2182 1456 2245 ibique
1515 2181 1733 2244 genibus
1792 2180 1940 2228 flexis

336 2267 556 2329 supplex
582 2282 861 2327 supernam
885 2265 1135 2328 pietatem
1167 2268 1383 2328 rogaret,
1414 2268 1473 2314 ut
1498 2265 1585 2313 uel
1610 2264 1674 2313 ab
1700 2264 1939 2312 huiusce-

336 2349 480 2397 modi
506 2349 728 2411 langore,
761 2348 805 2396 si
841 2348 939 2396 hoc
974 2349 1074 2396 sibi
1111 2349 1239 2397 utile
1278 2351 1425 2410 esset,
1457 2349 1797 2408 liberaretur3
1835 2347 1935 2406 uel,

338 2433 381 2481 si
418 2450 472 2480 se
509 2432 601 2480 tali
638 2432 879 2480 molestia
915 2432 1109 2480 diutius
1146 2433 1384 2495 castigari
1420 2432 1599 2480 diuina
1635 2431 1943 2494 prouidente

338 2517 502 2580 gratia
540 2517 811 2578 oporteret,
853 2516 1110 2578 patienter
1150 2517 1379 2564 dolorem
1422 2533 1478 2564 ac
1518 2515 1721 2578 placida
1762 2517 1944 2562 mente

339 2600 619 2648 sustineret
644 2599 884 2647 inlatum.
962 2599 1104 2647 Fecit
1123 2599 1295 2661 igitur,
1319 2602 1377 2647 ut
1402 2600 1579 2647 animo
1601 2599 1938 2661 disposuerat,

340 2686 394 2731 et
430 2682 732 2731 inbecilles6
774 2684 917 2731 artus
959 2682 1143 2730 baculo
1187 2685 1488 2731 sustentans
1528 2683 1749 2731 intrauit
1792 2682 1944 2730 eccle-

341 2766 472 2815 siam
498 2785 509 2827 ;
548 2783 603 2814 ac
629 2768 965 2828 prosternens
999 2782 1052 2813 se
1077 2766 1140 2813 ad
1177 2782 1363 2828 corpus
1396 2766 1498 2814 uiri
1528 2765 1638 2826 Dei,
1669 2765 1754 2828 pia
1777 2765 1944 2813 inten-

398 2905 410 2927 ¹
440 2909 493 2944 In
511 2910 571 2945 the
599 2909 770 2953 capitula
802 2906 846 2945 C.
871 2906 940 2945 W.
966 2906 1015 2954 Ol
1030 2933 1075 2952 -,1‚.
1101 2906 1217 2954 O7-3.
1243 2906 1324 2954 010.
1348 2919 1487 2945 reverse
1508 2909 1566 2944 the
1586 2910 1694 2944 order
1711 2907 1756 2952 of
1768 2908 1842 2943 this
1862 2909 1944 2944 and

343 2976 402 3010 the
440 2977 527 3010 next
565 2976 728 3022 chsqater,
761 2976 842 3010 and
876 2975 1135 3018 consequent&
1163 2976 1256 3010 read
1285 2972 1399 3010 alter
1418 2975 1487 3019 for
1515 2972 1701 3021 quidam
1732 2975 1827 3021 here,
1862 2974 1944 3009 ancl

343 3037 526 3087 quidam
547 3040 615 3084 for
635 3039 749 3077 alter
770 3042 894 3085 llze7·e;
926 3041 991 3076 but
1011 3041 1055 3076 in
1086 3042 1144 3076 the
1174 3042 1247 3076 text
1275 3042 1332 3077 the
1358 3042 1530 3084 Chapters
1558 3050 1669 3076 occur
1689 3041 1735 3076 in
1757 3041 1816 3075 the
1835 3041 1944 3075 order

344 3107 427 3141 here
445 3107 566 3151 giren.
657 3103 671 3124 ²
692 3106 873 3143 curatus
895 3104 939 3143 C.
1055 3102 1069 3123 ³
1097 3104 1234 3154 -deng
1255 3104 1292 3142 N
1313 3117 1323 3152 ;
1352 3105 1480 3153 -oegn
1503 3103 1557 3141 B'2
1574 3117 1584 3152 ;
1614 3104 1873 3154 beadubegn
1896 3104 1940 3142 C.

343 3169 356 3191 ⁴
390 3171 553 3220 -coepit
575 3170 631 3209 M.
653 3170 697 3209 C.
869 3170 882 3192 ⁵
912 3170 1105 3209 -bcrchti
1127 3170 1171 3209 C.
1342 3169 1357 3192 ⁶
1385 3170 1513 3208 -ciles
1533 3170 1590 3209 M.
