2240 3444
132 2506 396 2543 Instruction

134 2558 174 2591 of
192 2557 267 2592 the

134 2607 266 2651 Laity.

400 170 508 222 418
928 154 1190 228 Epistola
1230 150 1375 204 Becle
1414 145 1490 200 cccl

401 319 576 382 aliqua
622 332 740 380 pars
783 311 964 361 ouium
1007 307 1146 355 inter
1186 301 1350 350 hedos
1396 295 1460 344 ad
1500 290 1768 341 sinistram
1807 280 2007 334 Iudicis
2036 289 2218 326 efiMatffl

404 403 615 464 secerni,
645 403 801 462 atque
826 396 882 444 in
907 395 1180 442 aeternum
1207 400 1327 433 cum
1351 373 1718 428 maledictione
1742 368 2007 417 mereatur
2032 351 2128 435 ἓν·
2147 351 2205 385 33’

404 490 477 538 ire
504 484 848 551 suppliciun1;
888 477 1017 541 quin
1053 472 1228 536 potius
1264 468 1375 529 ipse
1400 466 1528 511 tunc
1566 472 1748 506 eorum
1784 466 2007 502 numero

404 571 647 622 merearis
676 564 877 625 ascribi,
909 563 971 611 de
1002 557 1192 622 quibus
1225 551 1297 600 ait
1323 545 1540 596 Ysaias:
1584 539 1873 590 ‘Minimus
1909 534 2008 582 erit
2038 539 2094 577 IS.
2111 539 2166 576 lx.
2187 550 2218 574 2:

404 655 571 707 inter¹
600 653 764 713 mille,
809 651 859 698 et
895 641 1147 709 paruulus
1183 631 1352 685 interl
1380 630 1595 693 gentem
1631 617 2010 672 fortissimam)

405 742 504 791 Tui
538 752 765 800 namque
803 735 880 781 est
917 726 1071 779 officii
1109 714 1514 782 diligentissime
1549 706 1852 773 perspicere,
1885 701 2012 764 quid

405 827 462 875 in
510 821 732 886 singulis
779 808 1112 866 monasteriis
1159 807 1279 853 tuae
1327 794 1627 862 parrochiae
1684 788 1823 849 recti,
1886 784 2013 849 quid

406 907 640 975 peruersi
666 905 873 968 geratur
899 917 908 958 3
948 912 1014 944 ne
1046 891 1133 940 uel
1167 886 1325 936 abbas
1358 879 1661 943 regularum
1691 871 1890 922 inscius
1924 870 2014 918 aut

409 992 752 1052 contemptor,
805 982 893 1033 uel
941 974 1200 1027 abbatissa
1247 967 1428 1017 minus
1483 962 1643 1023 digna
1691 954 2015 1005 famulorum

408 1075 792 1126 famularumue
819 1061 1014 1116 Christi
1038 1054 1385 1122 praeponatur
1410 1042 1654 1104 examini,
1686 1057 1783 1090 nec
1802 1052 2016 1086 rursum

411 1153 732 1225 prouisioni2
770 1144 1126 1214 spiritualium
1159 1135 1536 1199 magistrorum
1573 1121 1928 1185 contemptrix
1964 1121 2018 1168 et

411 1239 799 1303 indisciplinata
825 1225 1217 1282 contumacium
1248 1217 1549 1268 auditorum
1574 1209 1729 1260 turba
1760 1204 1983 1254 resultet
2006 1221 2018 1261 ;

412 1326 640 1378 maxime
667 1321 789 1385 quia
808 1319 838 1380 ³,
870 1315 1004 1365 sicut
1040 1309 1202 1370 uulgo
1238 1304 1418 1361 fertur,
1451 1298 1621 1346 dicere
1658 1291 1785 1341 estis
1822 1287 1967 1339 soliti
1983 1289 2014 1349 4,

413 1412 532 1476 quia
563 1426 671 1458 non
701 1406 764 1455 ad
798 1415 982 1464 regum
1021 1408 1214 1451 curam,
1246 1403 1353 1436 non
1390 1383 1455 1432 ad
1475 1382 1492 1407 5
1526 1379 1825 1441 aliquorum
1861 1371 2023 1422 seculi

412 1494 712 1560 principum
738 1500 959 1544 causam,
992 1479 1082 1528 sed
1109 1475 1172 1524 ad
1198 1473 1431 1521 uestram
1457 1459 1829 1514 tantummodo
1860 1455 2022 1505 antis-

414 1580 576 1628 titum
612 1569 1009 1636 inquisitionem
1048 1563 1205 1622 atque
1248 1567 1483 1611 examen,
1534 1545 1658 1610 quld
1698 1543 1756 1591 in
1800 1538 2024 1603 singulis

415 1656 748 1712 monasteriis
768 1653 962 1716 agatur,
987 1642 1259 1711 pertineat,
1290 1635 1393 1686 nisi
1416 1634 1551 1682 forte
1577 1630 1633 1678 in
1659 1622 1993 1676 monasteriis
2009 1622 2025 1648 ⁶

417 1744 637 1808 quilibet
667 1741 724 1788 in
748 1738 891 1801 ipsos
915 1729 1178 1796 principes
1202 1735 1438 1787 peccasse
1464 1711 1846 1776 comprobetur.
1904 1705 2020 1767 Tui,

417 1830 645 1891 inquam,
669 1826 746 1872 est
773 1818 926 1870 officii
945 1826 1232 1879 procurare,
1254 1823 1322 1855 ne
1343 1804 1400 1851 in
1424 1799 1554 1849 locis
1574 1798 1686 1846 Deo
1713 1789 2027 1843 consecratis

420 1911 655 1961 diabolus
692 1905 792 1955 sibi
824 1915 1046 1964 regnum
1083 1892 1314 1955 usurpet,
1347 1903 1414 1935 ne
1433 1885 1449 1910 ⁷
1476 1900 1569 1947 pro
1602 1896 1726 1943 pace
1753 1873 2021 1935 discordia,

420 2013 514 2059 pro
539 1993 730 2057 pietate
755 1985 937 2050 iurgia,
968 1998 1062 2045 pro
1100 1974 1381 2027 sobrietate
1418 1966 1656 2021 ebrietaS‚
1682 1978 1775 2025 pro
1813 1958 2028 2008 caritate

421 2082 471 2127 et
496 2077 730 2126 castitate
755 2066 1126 2120 fornicationes
1152 2059 1252 2109 sibi
1279 2059 1331 2105 et
1350 2049 1632 2103 homicidia
1657 2047 1835 2096 sedem
1860 2041 2029 2091 uindi-

422 2164 567 2221 cent,
604 2158 695 2207 ne8
721 2154 858 2219 apud
883 2155 936 2200 te
961 2145 1306 2197 inueniantur
1331 2136 1509 2200 aliqui,
1533 2135 1596 2183 de
1623 2131 1813 2195 quibus
1838 2126 2027 2175 merito

424 2245 698 2308 quaeratur
722 2256 778 2287 ac
804 2237 1003 2285 dicatur
1027 2251 1038 2282 ;
1083 2226 1240 2278 ‘Uidi
1264 2222 1455 2286 impios
1480 2216 1739 2280 sepultos,
1758 2211 1861 2276 qui,
1904 2225 2026 2258 cum
2055 2213 2169 2250 Eool.
2190 2223 2211 2249 v

423 2325 741 2383 aduiuerent,
789 2322 846 2369 in
895 2319 1008 2366 loco
1057 2313 1236 2362 sancto
1280 2307 1442 2366 erant,
1488 2304 1540 2351 et
1581 2297 1930 2348 laudabantur
1969 2292 2027 2340 in
2059 2276 2111 2303 ¹⁰²

425 2411 646 2468 ciuitate,
691 2404 838 2470 quasi
869 2400 875 2459 l
908 2394 1201 2449 iustorum⁹
1237 2387 1490 2455 operum.'

501 2511 518 2540 1
534 2505 576 2553 5.
615 2493 814 2540 Eorum
832 2500 1052 2549 quoque,
1079 2480 1170 2543 qui
1197 2478 1254 2526 in
1274 2470 1514 2539 populari
1539 2467 1708 2517 adhuc
1733 2463 1845 2512 uita
1869 2460 2031 2510 conti-

429 2579 636 2637 nentur,
664 2571 939 2622 sollicitam
965 2569 1017 2615 te
1049 2578 1258 2612 necesse
1285 2560 1364 2608 est
1390 2569 1570 2605 curam
1596 2565 1785 2614 gerere,
1802 2548 1875 2605 ut,
1899 2545 2034 2593 sicut

427 2662 482 2709 in
504 2655 788 2723 primordio
808 2652 967 2702 huius
987 2646 1236 2711 epistolae
1253 2636 1696 2706 praemonuimus,
1720 2628 2035 2680 sufficientes

430 2744 502 2792 eis
530 2743 765 2790 doctores
791 2738 929 2785 uitae
956 2729 1200 2781 salutaris
1225 2725 1470 2776 adhibere
1496 2714 1817 2775 memineris,
1848 2713 1900 2760 et
1935 2710 2035 2759 hoc

429 2844 514 2875 eos
549 2826 689 2873 inter
726 2821 826 2870 alia
862 2819 1057 2867 discere
1093 2813 1264 2871 facias,
1305 2807 1497 2871 quibus
1533 2800 1776 2866 operibus
1804 2795 2034 2845 maxime

428 2912 537 2960 Deo
579 2909 792 2971 placere,
837 2920 866 2952 a
914 2899 1104 2964 quibus
1144 2913 1198 2945 se
1242 2892 1482 2949 debeant,
1538 2885 1627 2949 qui
1674 2884 1784 2932 Deo
1832 2879 2036 2943 placere

433 2992 740 3050 desiderant,
771 2985 1030 3036 abstinere
1064 2977 1299 3044 peccatis,
1333 2990 1435 3038 qua
1461 2969 1631 3021 cordis
1656 2963 1953 3015 sinceritate
1976 2960 2036 3009 in

2054 2374 2083 2413 f.
2102 2385 2147 2424 95
2162 2385 2201 2410 a.

489 3141 501 3161 ¹
533 3143 583 3180 in
604 3141 663 3180 H.
768 3143 773 3147 “
833 3136 849 3159 2
878 3147 1003 3186 prae-
1025 3132 1085 3171 M.
1269 3126 1283 3148 ³
1314 3125 1421 3175 quia
1441 3135 1516 3178 om.
1542 3120 1600 3159 M.
1742 3114 1756 3137 ⁴
1787 3113 1952 3155 soliciti
1973 3110 2034 3149 M.

434 3209 448 3230 ⁵
478 3209 535 3247 ad
555 3220 627 3247 om.
655 3206 714 3244 H.
867 3201 882 3224 ⁶
913 3201 1070 3250 agatur
1090 3227 1099 3236 .
1125 3227 1134 3235 .
1158 3226 1168 3235 .
1194 3225 1204 3234 .
1231 3189 1517 3231 monasteriis
1536 3200 1612 3226 om.
1633 3184 1692 3224 H.
1847 3177 1862 3200 ⁷
1890 3188 2038 3228 neque

437 3274 496 3315 M.
639 3270 652 3291 ⁸
684 3282 764 3309 nec
786 3268 846 3307 M.
986 3264 1001 3287 ⁹
1031 3265 1251 3302 bonorum
1273 3257 1333 3297 M.
