2240 3444
225 135 654 189 CAr.XV111[XX].]
734 126 920 179 Gentis
959 126 1293 192 Angylorzwn.
1689 126 1789 175 247

716 300 868 348 CAP.
911 299 1100 346 xvm
1139 294 1301 363 [xx]

832 427 1014 469 Hymnus
1036 426 1079 460 ae
1102 425 1165 458 nm
1183 421 1208 460 ¹.

296 540 549 589 UIDETUR
577 537 891 598 oportunum
929 533 1048 580 huic
1084 531 1326 579 historiae
1358 530 1508 577 otiam
1546 529 1797 590 hymnum

230 620 548 686 uirginitatis
590 618 828 675 inserere,
882 632 1037 677 quem
1084 617 1202 661 ante
1250 629 1412 660 annos
1455 611 1703 672 plurimos
1753 610 1800 655 in

230 707 436 756 laudem
485 719 541 750 ac
588 699 919 762 praeconium
968 697 1199 744 eiusdem
1248 694 1451 755 reginae
1498 710 1552 739 ac
1596 709 1806 752 sponsav

231 784 439 843 Christi,
471 786 521 829 et
547 781 662 828 ideo
689 777 938 825 ueraciter
963 775 1179 837 reginae.
1212 774 1330 835 quia
1357 788 1572 834 sponsae
1599 769 1801 817 Christi.

233 868 455 930 elegiaco
484 865 650 912 metro
681 859 1081 921 conposuimus;
1119 860 1169 904 et
1196 854 1388 902 imitari
1425 869 1620 900 morem
1647 867 1809 898 sacrae

234 947 530 1009 scripturae,
591 941 738 988 cuius
790 936 1033 985 historiae
1082 934 1308 982 carmina
1359 931 1583 993 plurima
1632 929 1803 977 indita.

236 1034 288 1079 et
312 1030 438 1077 haec
462 1026 630 1073 metro
656 1039 712 1070 ac
737 1020 973 1068 uersibus
998 1019 1198 1066 constat
1226 1032 1333 1062 esse
1361 1014 1624 1074 conposita
1643 1010 1672 1058 ².

236 1126 398 1175 Alma
433 1124 573 1171 Deus
611 1118 849 1177 Trinitas,
893 1132 1020 1178 quae
1058 1113 1259 1161 saecula
1295 1113 1476 1158 cuncta
1513 1108 1775 1170 gubernas,
1846 1123 1981 1166 Hymn
2006 1124 2042 1156 in

307 1208 497 1257 Adnue
533 1204 636 1251 iam
673 1199 878 1262 coeptis,
920 1198 1056 1245 alma
1093 1196 1232 1242 Deus
1269 1193 1505 1240 Trinitas.
1846 1173 2062 1256 lifffiffls‘*

239 1292 388 1340 Bella
423 1289 566 1337 Maro
603 1284 821 1342 resonet,
864 1297 959 1329 nos
994 1275 1165 1342 pacis3
1202 1277 1335 1324 dona
1370 1289 1643 1330 canamus3
1846 1271 2002 1314 thryth.

309 1374 527 1422 Munera
562 1384 656 1416 nos
694 1364 900 1422 Christi,
931 1361 1067 1409 bella
1103 1360 1244 1408 Maro
1280 1357 1494 1405 resonet.

242 1455 487 1506 Carmina
523 1453 661 1500 casta
695 1447 841 1508 mihi,
882 1445 1028 1493 fedae
1065 1459 1170 1491 non
1206 1442 1382 1502 raptus
1419 1436 1684 1491 Helenae;

311 1540 491 1588 Luxus
527 1534 624 1582 erit
659 1530 882 1589 lubricis,
924 1525 1151 1575 carmina
1187 1524 1322 1570 casta
1357 1519 1498 1568 mihi.

245 1628 398 1671 Dona
434 1633 656 1680 superna
691 1615 885 1675 loquar,
927 1610 1141 1658 miserae
1177 1622 1283 1653 non
1318 1601 1506 1665 proelia
1541 1598 1752 1656 Troiae;

315 1705 472 1753 Terra
509 1699 697 1763 quibus
733 1695 936 1759 gaudet,
980 1692 1115 1740 dona
1150 1702 1371 1750 superna
1407 1685 1597 1744 loquar.

247 1792 333 1836 En
370 1787 510 1834 Deus
547 1782 684 1829 altus
720 1778 828 1826 adit
865 1772 1185 1823 uenerandae
1222 1767 1438 1829 uirginis
1476 1765 1670 1817 aluum,

318 1868 526 1917 Liberet
562 1867 622 1912 ut
659 1860 910 1920 homines,
955 1873 1020 1904 en
1055 1855 1195 1901 Deus
1232 1851 1368 1898 altus
1403 1847 1521 1895 adit.

255 1951 488 2018 [Femina
523 1947 669 2009 uirgo
706 1943 839 2006 parit
875 1937 1093 1988 mundi*
1131 1936 1315 1983 deuota
1349 1931 1630 1993 parentem,

321 2035 480 2083 Porta
513 2028 674 2078 Maria
710 2025 820 2085 Dei,
862 2021 1058 2070 femina
1093 2019 1239 2079 uirgo
1275 2014 1420 2077 parit.

257 2117 463 2165 Gaudet
498 2112 663 2161 amica
698 2109 879 2156 cohors
915 2105 976 2152 de
1013 2101 1215 2163 uirgine
1251 2098 1415 2144 matre
1452 2091 1713 2147 tonantis;

324 2196 642 2260 Uirginitate
679 2192 878 2240 micans
913 2185 1099 2250 gaudet
1136 2180 1296 2229 amica
1331 2178 1524 2225 cohors.

258 2282 436 2331 Huius
471 2281 638 2327 honor
672 2272 854 2338 genuit
890 2270 1026 2317 casto
1066 2266 1128 2313 de
1164 2261 1393 2326 germine
1430 2257 1614 2320 plures,

329 2363 611 2425 Uirgineos
646 2358 798 2406 flores
833 2352 988 2401 huius
1025 2350 1191 2396 honor
1227 2341 1417 2406 genuit.

262 2448 486 2512 Ignibus
521 2445 637 2491 usta
672 2439 806 2499 feris,
849 2436 996 2496 uirgo
1033 2447 1139 2479 non
1180 2425 1331 2474 cessit
1367 2420 1583 2484 Agathe,

332 2528 538 2580 Eulalia
573 2526 625 2573 et
659 2522 863 2586 perfert,
907 2515 1113 2580 ignibus
1150 2511 1264 2558 usta
1298 2506 1432 2553 feris.

264 2616 429 2663 Kasta
462 2612 596 2659 feras
633 2605 837 2669 superat
874 2597 1068 2649 mentis
1104 2610 1195 2656 pro
1233 2587 1457 2637 culmine
1494 2580 1653 2630 Tecla.

337 2693 580 2745 Eufemia
617 2687 814 2738 sacras⁵
851 2685 996 2732 kasta
1031 2679 1164 2726 feras
1200 2672 1421 2733 superat.

324 2835 336 2857 ¹
365 2835 423 2873 In
444 2833 522 2871 the
541 2827 738 2879 capitula
755 2825 787 2863 C
805 2823 926 2873 joins
942 2819 1019 2857 the
1034 2813 1227 2860 heading
1247 2808 1294 2846 of
1310 2806 1401 2845 this
1421 2802 1602 2850 chapter
1619 2800 1661 2834 to
1682 2794 1778 2832 that
1802 2791 1847 2827 of

270 2907 350 2946 the
378 2900 620 2954 preceding
640 2908 750 2943 one;
779 2906 825 2931 so
843 2891 926 2929 As.
948 2888 1011 2934 R„
1035 2885 1096 2930 0³·
1121 2882 1239 2927 07-9.
1259 2878 1330 2915 &cn
1376 2874 1429 2911 In
1453 2871 1527 2908 tho
1550 2870 1641 2905 text
1665 2866 1694 2901 C
1716 2872 1840 2899 num·

273 2974 373 3011 bers
388 2969 484 3007 this
504 2979 552 3004 as
572 2977 596 3003 a
612 2962 733 3001 fresh
748 2959 930 3007 chapter
947 2952 1050 3006 (As.
1064 2948 1197 2987 omits
1219 2945 1251 2981 it
1273 2936 1550 2988 altogether).
1638 2930 1652 2949 ‘¹
1682 2928 1745 2974 Ο..
1763 2929 1841 2971 ΗΝ.

274 3042 354 3079 add
375 3050 400 3075 a
420 3048 502 3074 new
521 3035 707 3077 lzeadiny:
735 3028 955 3075 ‘hymnus
977 3050 987 3058 .
1010 3049 1020 3057 .
1043 3047 1052 3056 .
1067 3014 1254 3064 elegiaco
1274 3011 1318 3046 ct
1339 3001 1612 3056 paracbcrico
1638 2995 1845 3047 [paracte-

277 3107 369 3145 rico
390 3099 480 3151 Om]
510 3098 582 3137 uel
604 3094 822 3143 reciproco
844 3083 1067 3127 carmine.'
1206 3077 1220 3098 ³
1249 3072 1399 3124 paucis
1420 3069 1470 3106 B.
1637 3062 1646 3082 ⁴
1679 3059 1751 3096 -do
1775 3054 1846 3094 M'.

273 3171 290 3195 ⁵
315 3171 416 3216 final
437 3180 457 3206 s
474 3167 604 3204 erased
622 3165 666 3199 in
686 3159 746 3198 M.
