2240 3444
384 136 487 186 146
515 208 517 211 Ι
830 133 1095 188 Historia
1135 132 1522 187 Ecclesiastica
1774 138 1882 191 [Lm.
1907 141 1980 180 111.

379 281 576 343 horam,
614 300 715 345 qua
751 285 841 331 aut
878 282 1213 331 melioratum
1254 283 1501 346 reciperet
1538 282 1854 342 iumentum,
1893 282 1984 329 aut

380 365 698 428 relinqueret
747 368 1030 415 mortuum.
1122 368 1196 415 At
1245 367 1421 430 ipsum
1469 367 1559 415 diu
1608 365 1757 429 graui
1806 365 1983 413 dolore

380 451 643 510 uexatum,
666 466 783 497 cum
807 449 1039 498 diuersas
1063 450 1119 498 in
1144 453 1315 513 partes
1342 467 1396 498 se
1416 451 1692 512 torqueret,
1732 446 1736 512 Ι
1770 449 1983 510 repente
2012 455 2041 491 f.
2062 466 2100 500 5ι
2123 466 2157 491 a.

380 531 667 580 uolutando
705 533 918 581 deuenit
954 533 1010 581 in
1047 534 1180 582 illud
1220 534 1332 592 loci,
1372 533 1463 581 ubi
1500 549 1590 580 rex
1627 530 1985 579 memorabilis

379 614 634 663 occubuit.
714 615 820 663 Nec
868 633 1027 678 mora,
1073 617 1373 679 quiescente
1416 616 1590 664 dolore
1641 614 1871 662 cessabat
1919 614 1984 662 ab

380 696 582 745 insanis
628 699 987 747 membrorum
1035 700 1279 761 motibus,
1331 702 1381 748 et
1431 700 1680 747 consueto
1729 714 1984 760 equorum

380 796 539 841 more,
572 781 718 842 quasi
750 784 869 843 post
901 782 1268 832 lassitudinem
1300 783 1357 831 in
1384 783 1650 831 diuersum
1675 780 1814 829 latus
1839 780 1987 829 uicis-

382 862 484 910 sim
524 880 633 911 sese
674 864 898 926 uoluere,
947 867 1229 928 statimque
1278 882 1562 929 exsurgens
1603 864 1749 927 quasi
1798 880 1987 912 sanum

384 962 478 1007 per
504 947 693 1008 omnia,
726 947 918 995 uirecta
943 949 1230 997 herbarum
1256 949 1463 997 auidius
1489 965 1693 1011 carpere
1718 947 1903 1010 coepit.

456 1029 567 1089 Quo
595 1030 684 1078 ille
709 1030 837 1091 uiso,
860 1033 918 1079 ut
944 1033 1026 1079 uir
1051 1033 1245 1094 sagacis
1272 1032 1483 1095 ingenii,
1506 1031 1766 1080 intellexit
1787 1030 1985 1093 aliquid

384 1111 545 1159 mirae
595 1113 888 1162 sanctitatis
935 1115 1057 1163 huic
1106 1116 1231 1177 loco,
1278 1132 1379 1178 quo
1423 1132 1588 1177 equus
1632 1117 1708 1162 est
1757 1117 1980 1173 curatus,

383 1194 585 1256 inesse3
635 1198 685 1244 et
722 1197 893 1259 posito
930 1197 1004 1245 ibi
1042 1198 1205 1261 signo,
1249 1215 1357 1246 non
1393 1198 1563 1246 multo
1599 1200 1716 1260 post
1754 1197 1987 1246 ascendit

384 1295 592 1340 equum,
625 1281 783 1341 atque
809 1281 872 1327 ad
899 1281 1200 1343 hospitium,
1234 1298 1337 1343 quo
1361 1283 1711 1344 proposuerat,
1742 1280 1954 1328 accessit
1975 1299 1987 1341 3

384 1378 485 1423 quo
513 1362 641 1409 dum
667 1363 949 1424 adueniret,
984 1364 1190 1412 inuenit
1222 1364 1455 1427 puellam
1484 1364 1559 1412 ibi
1583 1366 1799 1427 neptem
1823 1364 1988 1426 patris

382 1444 609 1493 familias
656 1445 812 1508 longo
861 1447 1114 1510 paralysis
1165 1447 1348 1496 morbo
1407 1450 1709 1510 grauatam3
1767 1448 1818 1494 et
1868 1464 1988 1494 cum

385 1528 666 1576 familiares
700 1531 890 1578 domus
927 1531 1071 1579 illius
1105 1532 1168 1579 de
1205 1530 1414 1580 acerba¹
1440 1530 1644 1593 puellae
1679 1529 1987 1577 infirmitate

383 1611 496 1673 ipso
532 1616 806 1674 praesente
844 1616 1200 1676 quererentur,
1233 1614 1402 1676 coepit
1437 1614 1604 1662 dicere
1637 1613 1726 1660 ille
1755 1613 1817 1661 de
1853 1613 1981 1673 1000,

382 1694 474 1743 ubi
514 1696 742 1744 caballus
785 1714 911 1745 suus
949 1700 1083 1746 esset
1123 1700 1344 1746 curatus.
1424 1698 1559 1759 Quid
1598 1697 1810 1746 multa?
1846 1697 1988 1759 inpo-

382 1781 573 1827 nentes
625 1797 739 1828 eam
790 1799 947 1842 carro,
1004 1782 1266 1830 duxerunt
1315 1783 1379 1830 ad
1440 1782 1629 1843 locum,
1682 1781 1985 1843 ibidemque

383 1862 748 1924 deposuerunt.
829 1865 904 1912 At
941 1865 1032 1913 illa
1068 1865 1237 1927 posita
1276 1866 1332 1912 in
1369 1865 1481 1913 loco
1517 1864 1869 1913 obdormiuit²
1907 1881 1987 1926 pa-

382 1962 628 2007 rumper;
667 1949 717 1994 et
753 1947 844 1994 ubi
879 1948 1165 2011 euigilauit,
1200 1951 1434 1997 sanatam
1459 1965 1513 1996 se
1539 1949 1602 1997 ab
1635 1948 1726 1996 illa
1760 1947 1987 2009 corporis

383 2028 728 2077 dissolutione
754 2031 1001 2091 sentiens,
1032 2032 1295 2093 postulata
1320 2049 1465 2094 aqua,
1491 2032 1601 2094 ipsa
1626 2031 1756 2080 lauit
1781 2031 1981 2092 faciem,

383 2111 553 2160 crines
591 2114 880 2174 conposuit,
924 2117 1079 2176 caput
1116 2115 1280 2163 linteo
1319 2115 1597 2177 cooperuit,
1638 2117 1689 2163 et
1727 2132 1847 2162 cum
1884 2114 1981 2175 his,

382 2194 473 2256 qui
499 2211 553 2242 se
577 2196 912 2258 adduxerant,
936 2214 1061 2245 sana
1084 2198 1304 2260 pedibus
1329 2197 1616 2246 incedendo
1643 2215 1849 2246 reuersa
1875 2201 1967 2247 est.

728 2467 775 2502 Ut
790 2467 929 2511 puluis
948 2468 1017 2503 loci
1040 2468 1146 2503 illius
1166 2471 1296 2504 contra
1316 2469 1446 2514 iynem
1466 2469 1653 2506 valuerit.

89 2570 279 2655 Anothler
451 2564 642 2612 EODEM
659 2563 674 2588 3
691 2566 926 2626 tempore
942 2565 1091 2613 uenit
1110 2566 1242 2613 alius
1268 2566 1480 2628 quidam
1507 2567 1569 2614 de
1594 2567 1808 2615 natione
1834 2568 1982 2616 Bret-

89 2631 220 2656 nllrac
240 2632 270 2657 θ.

381 2650 581 2709 tonum,
626 2649 685 2695 ut
724 2648 912 2709 ferunt,
954 2648 1052 2696 iter
1093 2649 1286 2697 faciens
1319 2649 1466 2698 iuxta
1498 2650 1673 2712 ipsum
1707 2651 1895 2713 locum,
1926 2652 1982 2700 in

380 2763 437 2797 tlzc
450 2762 564 2797 MSS.
584 2762 690 2805 ἦεν-0,·
713 2762 770 2796 the
790 2763 951 2807 readivq
966 2763 1007 2798 in
1028 2764 1085 2799 {hc
1103 2764 1176 2798 tart
1196 2763 1229 2798 is
1250 2765 1330 2799 fleat
1344 2764 1388 2808 of
1401 2761 1457 2799 M.
1477 2762 1525 2799 B.
1541 2762 1608 2799 W.
1625 2762 1690 2813 02.
1709 2763 1768 2808 OG.
1787 2763 1866 2812 ΟΠ.
1885 2764 1951 2813 014
1973 2779 1982 2811 ;

381 2826 599 2863 stramine
640 2825 891 2864 substracto
928 2826 981 2864 N.
1015 2826 1088 2876 H„
1126 2840 1165 2864 So
1199 2826 1245 2865 C.
1282 2831 1373 2865 with
1407 2831 1464 2865 the
1499 2832 1632 2865 second
1666 2841 1685 2866 s
1721 2834 1864 2880 erased,
1901 2834 1983 2868 (md

381 2893 524 2929 tracto
538 2895 689 2929 um'ttcn
709 2894 818 2929 abore
841 2896 886 2938 by
899 2891 960 2942 ΟΒ,
982 2906 1020 2930 so
1042 2893 1148 2940 D.O1
1169 2895 1259 2930 with
1281 2906 1302 2931 c
1323 2898 1452 2931 erased
1469 2909 1479 2934 ,·
1516 2895 1735 2933 stramine
1758 2896 1982 2935 substrato

382 2957 483 3010 Οῌ.
517 2958 633 3008 0740.
666 2958 798 3009 [Cam]
832 2958 877 2997 P.
898 2959 962 3009 H2
991 2958 1090 2997 edd.
1117 2972 1126 3007 ;
1155 2960 1351 2997 stamine
1381 2960 1606 2998 substrato
1639 2961 1704 3009 05.
1777 2965 1848 3000 lee
1882 2962 1982 3003 A.S.

381 3036 472 3060 vers.
490 3027 561 3061 llas
577 3037 601 3074 7
620 3026 700 3074 ltaet
715 3025 882 3073 gebaete
899 3023 1090 3068 ofatcah‚
1107 3027 1132 3062 i.
1148 3038 1175 3064 c.
1202 3026 1245 3063 et
1265 3024 1445 3062 frenum
1463 3026 1696 3065 subtraxit.
1785 3025 1796 3047 ¹
1825 3040 1985 3066 acerua

381 3088 438 3125 M.
463 3088 524 3127 C¹.
548 3089 611 3129 B1.
635 3090 687 3129 Ν.
858 3088 872 3110 2
901 3090 1039 3129 —muit
1061 3090 1118 3130 M.
1289 3090 1303 3111 3
1334 3094 1444 3129 There
1465 3094 1498 3129 ‘Is
1520 3105 1565 3129 no
1584 3096 1698 3130 break
1718 3096 1761 3131 in
1778 3097 1834 3131 tlte
1857 3097 1930 3132 tart
1947 3095 1993 3141 (f

382 3153 438 3192 M.
464 3158 619 3193 between
640 3159 735 3193 these
763 3160 831 3193 two
852 3159 1051 3204 0110111013,-
1084 3160 1148 3194 but
1177 3160 1234 3195 the
1267 3160 1478 3195 rubricator
1501 3162 1574 3196 llas
1600 3161 1763 3197 inserted
1787 3173 1812 3197 α
1839 3160 1868 3197 k
1892 3162 1936 3210 (i.
1954 3174 1985 3199 e·

382 3220 650 3274 capitulum)
673 3225 785 3260 abore
806 3226 861 3260 the
881 3225 971 3262 line.
