2240 3444
118 1231 221 1273 24a.

253 180 348 218 Cn.
375 175 426 227 1.]
785 168 976 221 Geniis
1013 168 1353 237 Aoquorum.
1782 173 1808 221 1
1821 174 1845 222 1

250 313 520 361 aduenerit
545 313 879 371 matutinum,
911 316 1090 376 utpote
1124 318 1378 362 nocturno
1411 316 1518 363 sole
1551 333 1655 363 11011
1691 317 1843 377 longo
1876 329 1937 365 Its
1956 329 2134 365 climate.

252 394 347 441 sub
381 396 530 442 terris
567 396 629 443 ad
668 396 922 443 orientem
953 396 1184 443 boreales
1220 412 1311 457 per
1347 396 1525 458 plagas
1563 399 1843 452 1·edcu11t‹·;

252 477 389 524 unde
427 478 583 525 ctiam
620 478 877 540 plurimae
913 478 1261 541 longitudinis
1297 479 1452 526 habet
1491 479 1598 526 dies
1635 484 1838 538 aestate,

251 559 383 606 sicut
428 564 478 608 et
515 562 692 608 noctes
732 563 912 608 contra
950 561 1006 607 in
1043 561 1240 620 bruma,
1283 562 1391 608 sole
1429 561 1681 609 nimirum
1720 565 1843 609 tunc

253 641 473 704 Lybicas
497 643 552 689 in
578 646 750 704 partes
775 645 1059 704 secedente,
1085 643 1138 690 id
1165 646 1242 691 est
1266 644 1514 691 horarum
1541 645 1591 691 X
1616 648 1667 692 ct
1683 645 1843 704 VIII;

252 725 506 786 plurimae
538 725 666 772 item
696 725 970 773 breuitatis
1003 728 1181 773 noctes
1210 729 1416 785 aestate,
1453 736 1503 773 01
1541 727 1651 774 dics
1689 728 1844 776 habet

252 807 306 854 in
332 808 530 868 bruma,
561 808 656 855 hoc
683 809 762 855 est
798 824 887 855 sex
913 808 1242 856 solummodo
1275 809 1732 870 aequinoctialium
1763 811 1847 858 110-

252 906 428 938 rarum
454 909 463 950 ;
503 908 621 938 cum
646 890 702 938 in
728 891 995 951 Armenia,
1027 891 1339 951 Macedonia,
1372 891 1539 952 Italia,
1563 893 1846 954 ceterisque

250 973 482 1020 eiusdem
502 973 670 1021 lineae
685 973 982 1034 regionibus
1000 974 1304 1036 longissima
1320 974 1429 1022 dies
1446 972 1457 996 ¹
1479 975 1589 1022 siue
1605 992 1708 1023 nox
1729 977 1840 1025 XV.

250 1056 555 1104 breuissima
579 1056 753 1104 VIIII
780 1056 1016 1118 conpleat
1041 1057 1207 1105 horas.

319 1139 463 1187 Haec
488 1139 543 1185 in
568 1140 842 1200 praesenti,
873 1139 1018 1186 iuxta
1047 1135 1621 1200 numerumlibrorum,
1655 1141 1844 1202 quibus
1873 1153 1972 1189 Five

253 1223 337 1270 lex
363 1222 541 1270 diuina
562 1222 752 1284 scripta
776 1225 867 1282 est,
907 1219 911 1286 Ι
945 1222 1175 1284 quinque
1194 1222 1434 1284 gentium
1451 1222 1658 1285 linguis,
1684 1241 1842 1271 unam
1873 1204 2097 1288 {zngssaigrffs

251 1306 571 1368 eandemque
618 1322 852 1354 summae
899 1305 1134 1353 ueritatis
1193 1307 1243 1352 et
1303 1322 1453 1352 uerae
1505 1306 1844 1355 sublimitatis
1875 1303 2050 1339 Britain.

251 1389 520 1437 scientiam
547 1392 806 1437 scrutatur
821 1388 849 1449 ²,
881 1391 931 1436 et
957 1388 1244 1448 confitetur,
1268 1388 1564 1449 Anglorum
1583 1389 1837 1438 uidelicet.

252 1472 566 1520 Brettonum
585 1473 614 1532 3,
648 1472 958 1532 Scottorum,
991 1471 1259 1519 Pictorum
1285 1474 1336 1519 et
1363 1472 1682 1532 Latinorum,
1717 1490 1844 1534 quae

250 1555 585 1603 meditatione
633 1555 1009 1617 scripturarum
1057 1555 1238 1603 ceteris
1297 1555 1541 1603 omnibus
1589 1558 1667 1603 est
1713 1556 1848 1603 facta

249 1638 557 1686 communis.

319 1721 386 1768 In
433 1720 616 1782 primis
662 1724 837 1769 autem
886 1722 1011 1769 haec
1049 1721 1221 1769 insula
1260 1722 1536 1768 Brettones
1579 1722 1763 1783 5010111,
1817 1738 1845 1769 a
1874 1739 1958 1773 The

1875 1789 2055 1824 Britons.

251 1803 438 1865 quibus
468 1804 695 1851 nomen4
731 1805 937 1866 accepit,
977 1804 1171 1852 incolas
1206 1804 1420 1864 habuit;
1459 1804 1548 1865 qui
1581 1805 1643 1852 de
1675 1807 1844 1852 tractu

250 1886 589 1934 Armoricano
605 1887 635 1947 ⁵,
682 1889 742 1934 ut
778 1887 957 1947 fertur,
994 1886 1307 1934 Brittaniam
1340 1887 1555 1947 aduecti,
1596 1888 1845 1935 australes

230 1969 348 2017 Χ51131
372 1972 541 2031 partes
565 1970 709 2017 illius
734 1970 1080 2018 uindicarunt.

316 2052 385 2099 Et
433 2069 551 2100 cum
599 2052 881 2115 plurimam
923 2053 1123 2100 insulae
1161 2055 1378 2114 partem,
1425 2052 1734 2114 incipientes
1782 2054 1845 2101 ab
1875 2062 1959 2097 The
1978 2061 2099 2097 Picts.

248 2137 458 2195 Austro,
512 2135 879 2197 possedissent,
934 2136 1151 2198 contigit
1199 2138 1413 2198 gentem
1461 2136 1734 2183 Pictorum
1783 2137 1845 2183 de

248 2218 473 2280 Scythia,
534 2220 592 2265 ut
639 2218 927 2280 perhibent,
982 2218 1152 2281 longis
1211 2219 1434 2266 nauibus
1494 2208 1601 2266 non
1662 2219 1845 2267 multis

248 2301 512 2348 Oceanum
571 2301 874 2363 ingressam,
930 2302 1312 2364 circumagente
1360 2301 1488 2349 flatu
1543 2304 1838 2359 uentorum,

247 2385 391 2430 extra
431 2384 563 2432 fines
608 2401 789 2431 omnes
831 2384 1121 2432 Brittaniae
1165 2384 1477 2432 Hiberniam
1525 2384 1838 2446 peruenisse.

247 2465 457 2527 eiusque
483 2466 914 2528 septentrionales
939 2483 1051 2514 oras
1085 2468 1320 2526 intrasse,
1353 2468 1505 2528 atque
1530 2468 1746 2514 inuenta
1772 2467 1846 2514 ibi

246 2551 399 2610 gente
434 2549 746 2609 Scottorum,
786 2549 886 2597 sibi
925 2566 1128 2611 quoque
1164 2549 1220 2596 in
1255 2550 1489 2611 partibus
1523 2549 1671 2596 illius
1700 2551 1845 2597 sedes

247 2632 452 2692 petisse,
493 2649 587 2679 nec
621 2633 883 2694 inpetrare
920 2633 1164 2694 potuisse.
1243 2633 1340 2680 Est
1376 2635 1550 2679 autem
1588 2632 1845 2679 Hibernia

247 2713 417 2761 insula
442 2714 680 2762 omnium
697 2718 813 2777 post
833 2715 1152 2763 Brittaniam
1168 2716 1410 2775 maxima,
1436 2715 1498 2762 ad
1524 2714 1842 2762 occidentem

247 2796 458 2858 quidem
485 2797 777 2845 Brittaniae
803 2798 899 2845 sita
919 2817 929 2858 3
962 2798 1051 2845 sed
1072 2797 1206 2845 sicut
1232 2800 1413 2845 contra
1436 2797 1759 2859 Aquilonem
1785 2813 1843 2844 ea

246 2879 464 2940 breuior,
495 2881 568 2927 ita
594 2880 650 2927 in
674 2881 948 2928 meridiem
974 2898 1028 2928 se
1051 2883 1195 2928 trans
1221 2881 1358 2927 1111οε
1391 2881 1523 2928 fines
1550 2879 1840 2941 plurimum

245 2963 573 3023 protendens,
627 2980 790 3026 usque
837 2967 1015 3012 contra
1065 2963 1350 3025 Hispaniae
1398 2961 1833 3024 septentrionalia,

245 3045 485 3106 quamuis
526 3062 714 3107 magno
757 3063 975 3108 aequore
1017 3046 1354 3094 interiacente
1402 3044 1654 3106 peruenit.
1753 3044 1838 3092 Ad

301 3168 311 3190 ¹
343 3168 437 3206 dies
453 3169 597 3207 0mM1.
741 3170 755 3190 ²
785 3173 1006 3209 scrutetur
1027 3171 1084 3210 M.
1245 3171 1259 3192 ³
1290 3170 1398 3208 brit·
1421 3170 1485 3218 N;
1517 3173 1598 3208 cond
1618 3181 1658 3207 so
1673 3171 1838 3214 usually,

248 3225 259 3245 ⁴
288 3236 332 3273 et
353 3246 516 3274 nomen
536 3235 588 3273 N.
721 3237 735 3258 ⁵
764 3238 1052 3275 armonicano
1077 3237 1136 3275 M.
1160 3236 1233 3284 Hl.
1257 3236 1322 3284 07.
