2240 3444
378 119 450 169 94
489 129 490 132 ’
839 115 905 168 H
907 113 1107 169 istoria
1146 111 1536 166 Ecclesiastica
1796 119 1985 172 [L113.11.

88 277 271 311 Mellitus
378 265 658 328 episcopus,
713 265 891 313 sedem
939 261 1358 312 Doruuernensis
1406 260 1646 308 ecclesiae
1693 260 1880 308 tertius
1922 259 1986 308 ab

87 327 287 362 succeeds.
376 349 677 412 Augustino
727 347 961 410 suscepit.
1054 345 1236 394 Iustus
1283 346 1460 393 autem
1507 343 1675 392 adhuc
1725 344 1988 405 superstes

378 431 701 480 Hrofensem
726 431 936 494 regebat
962 429 1245 478 ecclesiam.
1325 427 1438 488 Qui,
1477 444 1598 475 cum
1623 443 1812 488 magna
1838 426 1988 474 eccle-

379 514 512 563 siam
531 515 830 578 Anglorum
850 531 970 561 cura
987 530 1044 561 ac
1063 513 1236 560 labore
1255 511 1621 574 gubernarent,
1647 512 1988 571 susceperunt

379 598 569 660 scripta
594 598 946 646 exhortatoria
972 614 1001 644 a
1025 595 1274 659 pontifice
1301 595 1567 642 Romanae
1597 595 1649 641 et
1678 592 1989 655 apostolicae

381 682 518 730 sedis
555 681 834 742 Bonifatio,
868 681 957 743 qui
992 682 1111 743 post
1149 679 1436 727 Deusdedit
1474 678 1714 726 ecclesiae
1746 677 1984 740 praefuit,

380 782 518 813 anno
544 764 922 813 incarnationis
950 763 1238 812 dominicae
1265 761 1600 811 DCXVHH.
1660 761 1787 809 Erat
1813 764 1991 809 autem

379 848 613 896 Mellitus
656 848 885 909 corporis
923 847 1135 910 quidem
1171 845 1493 905 infirmitate,
1536 845 1590 892 id
1631 846 1709 893 est
1746 845 1986 907 podagra,

379 934 639 994 grauatus,
680 932 769 979 sed
804 930 1002 978 mentis
1038 929 1303 993 gressibus
1340 928 1482 976 sanis
1512 928 1750 976 alacriter
1782 930 1992 977 terrena

381 1031 616 1077 quaeque
640 1014 955 1075 transiliens,
981 1015 1138 1076 atque
1163 1014 1228 1061 ad
1256 1011 1494 1060 caelestia
1520 1028 1727 1075 semper
1751 1012 1986 1074 amanda,

379 1099 613 1160 petenda,
648 1100 699 1146 et
728 1098 1022 1161 quaerenda
1053 1096 1343 1159 peruolans.
1422 1095 1550 1144 Erat
1587 1095 1755 1144 carnis
1794 1095 1991 1158 origine

381 1181 584 1243 nobilis,
617 1183 707 1230 sed
735 1181 966 1229 culmine
992 1180 1186 1228 mentis
1211 1179 1448 1228 nobilior.

90 1274 262 1310 Miracle
451 1265 705 1327 Denique,
731 1267 791 1312 ut
818 1282 985 1312 unum
1010 1264 1224 1312 uirtutis
1249 1264 1374 1324 eius,
1401 1264 1541 1311 unde
1561 1265 1728 1311 cetera
1752 1262 1992 1326 intellegi

89 1325 282 1411 ffissught
296 1326 350 1369 by
379 1348 595 1410 possint,
626 1348 993 1396 testimonium
1019 1348 1253 1408 referam,
1285 1349 1517 1409 tempore
1547 1348 1774 1409 quodam
1809 1346 1992 1394 ciuitas

383 1431 804 1479 Doruuernensis
830 1449 921 1494 per
941 1432 1148 1493 culpam
1167 1430 1396 1478 incuriae
1415 1430 1526 1493 igni
1549 1433 1781 1492 correpta
1800 1430 1994 1478 crebre-

384 1514 649 1562 scentibus
683 1515 851 1577 coepit
889 1515 1118 1562 fiammis
1149 1514 1420 1575 consumi;
1470 1513 1659 1576 quibus
1693 1530 1814 1561 cum
1846 1513 1993 1561 nullo

385 1614 641 1660 aquarum
674 1598 871 1646 iniectu
905 1600 1080 1660 posset
1114 1598 1302 1660 aliquis
1334 1597 1596 1658 obsistere,
1627 1597 1840 1659 iamque
1874 1597 1995 1645 ciui·

384 1681 540 1729 tatisl
589 1684 726 1729 esset
782 1679 787 1746 Ι
843 1699 962 1744 pars
1014 1684 1218 1730 uastata
1267 1699 1375 1729 non
1424 1680 1659 1742 minima,
1712 1683 1869 1743 atque
1929 1682 1994 1729 ad
2026 1689 2053 1726 f.
2075 1701 2116 1734 32
2133 1690 2170 1726 b.

384 1764 738 1827 episcopium‘2
787 1765 967 1813 furens
1016 1782 1070 1813 se
1118 1766 1333 1813 flamma
1382 1764 1622 1813 dilataret
1639 1764 1667 1825 3,
1728 1764 1996 1813 confidens

382 1848 653 1911 episcopus
677 1849 733 1896 in
759 1849 1018 1910 diuinum,
1048 1849 1139 1897 ubi
1171 1850 1466 1897 humanum
1499 1849 1688 1909 deerat,
1719 1848 1988 1909 auxilium,

380 1931 533 1980 iussit
578 1949 632 1980 se
673 1932 883 1980 obuiam
923 1932 1275 1980 saeuientibus
1313 1934 1364 1980 et
1405 1932 1506 1980 huc
1549 1932 1779 1994 illucque
1820 1930 1994 1978 uolan-

381 2015 523 2063 tibus
557 2015 763 2078 ignium
801 2015 971 2078 globis
1001 2016 1186 2064 efferri.
1266 2016 1393 2063 Erat
1426 2017 1604 2064 autem
1636 2032 1696 2064 eo
1725 2014 1825 2063 loci
1841 2015 1870 2075 ⁴,
1903 2013 1994 2062 ubi

382 2098 720 2146 flammarum
759 2099 987 2161 impetus
1023 2099 1253 2147 maxime
1289 2099 1641 2161 incumbebat,
1682 2098 1993 2161 martyrium

382 2181 656 2229 beatorum
683 2182 807 2230 1111
843 2182 1232 2230 Coronatorum.
1312 2181 1402 2252 Ibi·
1423 2200 1542 2245 ergo
1559 2182 1575 2207 5
1599 2182 1830 2244 perlatus
1856 2181 1995 2229 obse-

385 2266 643 2327 quentum
677 2265 922 2313 manibus
959 2265 1232 2327 episcopus
1268 2266 1436 2328 coepit
1473 2266 1666 2314 orando
1698 2263 1994 2327 periculum

384 2347 630 2395 infirmus
667 2348 883 2410 abigere,
925 2350 1061 2410 quod
1098 2349 1251 2397 firma
1282 2349 1501 2397 fortium
1534 2365 1724 2396 manus
1759 2347 1994 2395 multum

384 2430 666 2478 laborando
692 2431 1010 2493 nequiuerat.
1067 2432 1176 2479 Nec
1201 2448 1358 2493 mora,
1381 2434 1586 2493 uentus,
1609 2431 1697 2493 qui
1722 2448 1750 2479 a
1775 2430 1993 2478 meridie

385 2514 521 2562 flans
547 2514 667 2561 urbi
690 2514 931 2562 incendia
955 2518 1225 2576 sparserat,
1248 2518 1429 2563 contra
1452 2515 1726 2563 meridiem
1752 2514 1987 2574 reflexus,

384 2597 556 2660 primo
582 2597 694 2645 uim
731 2597 812 2645 sui
845 2597 1035 2645 furoris
1071 2615 1101 2645 a
1139 2598 1337 2646 lesione
1374 2599 1624 2655 locorum,
1652 2614 1781 2660 quae
1815 2599 1996 2645 contra

387 2683 550 2741 erant,
588 2680 856 2742 abstraxit,
889 2697 945 2727 ac
979 2697 1103 2728 mox
1134 2680 1377 2728 funditus
1408 2681 1735 2743 quiescendo,
1766 2680 1996 2728 fiammis

386 2764 580 2826 pariter
621 2763 806 2826 sopitis
844 2767 999 2826 atque
1042 2764 1327 2825 exstinctis,
1371 2764 1683 2827 conpescuit.
1762 2764 1832 2812 Et
1875 2764 1997 2826 quia

387 2846 470 2894 uir
519 2846 617 2895 Dei
665 2847 786 2909 igne
837 2846 1047 2895 diuinae
1096 2846 1327 2894 caritatis
1363 2846 1571 2895 fortiter
1607 2847 1831 2907 ardebat,
1876 2846 1996 2909 quia

389 2931 731 2991 tempestates
778 2931 1101 2991 potestatum
1149 2928 1405 2976 aeriarum
1454 2946 1484 2976 a
1533 2945 1626 2976 sua
1679 2944 1995 2990 suorumque
2026 2933 2075 2992 cf·
2099 2933 2201 2979 Eph.

389 3012 589 3060 lesione
610 3011 806 3060 crebris
826 3012 1150 3060 orationibus
1174 3012 1258 3060 uel
1275 3011 1728 3060 exhortationibus
1746 3011 1997 3074 repellere
2025 2997 2066 3021 ¹¹⁶
2088 2997 2118 3020 ²'

445 3150 457 3172 1
490 3152 652 3191 ciuitas
673 3150 747 3192 Ml.
772 3150 837 3190 Bl.
968 3150 982 3172 ²
1009 3154 1055 3190 to
1076 3155 1189 3203 paem
1210 3151 1400 3201 biscope,
1421 3151 1521 3189 ΑΒ.
1547 3154 1574 3191 i,
1590 3164 1620 3190 e.
1644 3151 1701 3189 ad
1721 3152 1994 3200 episcopum,

389 3221 472 3256 <md
492 3230 531 3256 so
553 3218 607 3257 D.
777 3218 791 3240 ³
825 3220 958 3257 -teret
979 3215 1051 3257 Ml.
1221 3216 1235 3239 ‘¹
1265 3217 1360 3256 loco
1382 3217 1428 3257 G,
1595 3216 1610 3238 ⁵
1640 3229 1741 3267 ergo
1758 3229 1831 3256 om.
1853 3216 1910 3255 M.
