2240 3444
72 1347 209 1384 Death
230 1347 276 1383 of

73 1399 196 1442 Oswy
210 1410 217 1442 ;
244 1408 334 1433 suc·

71 1448 230 1484 cession
250 1448 296 1482 of

73 1498 231 1543 ngrid.

81 2261 255 2299 Gouncil
274 2260 320 2295 of

82 2312 295 2356 Hertford,

81 2364 190 2406 Sept.
214 2374 268 2407 24,

82 2415 125 2458 67
129 2425 158 2456 3.

348 114 459 164 214
817 107 1085 162 Historia
1117 106 1509 161 Ecclesiastica
1751 114 1861 167 [Lm.
1881 118 1956 158 IV.

352 255 596 306 uidelicet
621 254 1003 303 monasterium
1040 271 1205 317 usque-
1241 253 1396 302 hodie
1431 253 1495 301 ab
1521 252 1714 315 Anglis
1749 254 1962 300 tenetur

350 339 549 389 incolis.
646 338 833 401 Ipsum
881 355 1109 400 namque
1159 339 1250 398 est,
1298 336 1433 399 quod
1477 352 1618 383 nunc
1661 335 1857 398 grande
1897 334 1961 382 de

352 423 557 472 modico
584 422 841 483 effectum,
869 421 1077 484 Muigeo
1104 422 1350 469 consuete
1375 422 1602 479 uocatur,
1626 420 1677 466 et
1698 418 1961 468 conuersis

352 507 661 555 iamdudum
708 505 771 553 ad
820 504 1036 553 meliora
1084 504 1329 552 instituta
1378 502 1638 563 omnibus,
1694 502 1962 565 egregium

353 608 572 639 examen
612 590 846 638 continet
885 588 1277 648 monachorum,
1309 587 1400 649 qui
1442 587 1505 634 de
1546 585 1817 649 prouincia
1858 586 1965 633 An-

354 675 563 738 glorum
600 673 796 720 ibidem
846 671 1064 731 collecti,
1119 670 1182 718 ad
1233 669 1532 732 exemplum
1579 667 1965 717 uenerabilium

354 760 564 821 patrum
591 756 686 803 sub
713 754 890 818 regula
925 757 975 802 et
1002 753 1186 802 abbate
1224 753 1472 801 canonico
1504 753 1561 800 in
1593 769 1784 815 magna
1810 752 1968 800 conti-

356 841 535 889 nentia
560 842 608 888 et
637 839 935 887 sinceritate
958 837 1167 901 proprio
1193 837 1369 885 labore
1394 852 1651 884 manuum
1678 835 1863 883 uiuant
1883 832 1912 884 ¹.

1031 1005 1186 1055 OAP.
1229 1005 1291 1054 V.

360 1150 414 1186 De
434 1150 550 1185 morte
573 1149 695 1185 Oszaem
716 1149 748 1183 et
767 1146 963 1191 Ecqberctz·
978 1140 992 1162 ²
1010 1156 1158 1193 reglum,
1183 1147 1215 1182 et
1235 1146 1279 1181 cle
1299 1145 1440 1189 synodo
1453 1141 1467 1163 ³
1477 1144 1591 1189 sac-{a
1611 1145 1664 1180 cccl
1683 1144 1808 1180 locum
1828 1144 1973 1180 Herat-

619 1214 740 1260 forda
756 1209 782 1260 4,
809 1213 871 1248 cni
888 1212 1132 1257 praesidebat
1146 1212 1454 1256 archiepiscopus
1476 1212 1701 1246 ,Theodorus

432 1332 588 1380 ANNo
631 1329 921 1380 dominicae
967 1328 1340 1376 incarnationis
1386 1327 1713 1388 DOLXXm0‚
1763 1330 1853 1391 qui
1896 1330 1974 1376 est

362 1432 533 1464 annus
570 1414 828 1462 secundus
866 1432 929 1463 ex
967 1430 1069 1476 quo
1105 1412 1424 1460 Brittaniam
1462 1412 1609 1460 uenit
1650 1413 1968 1473 Theodorus,

365 1499 527 1547 Osuiu
565 1516 655 1546 rex
691 1496 1255 1561 Nordanhymbrorum
1292 1511 1500 1557 pressus
1530 1498 1609 1543 est
1644 1495 1968 1556 infirmitate,

364 1597 464 1643 qua
489 1583 540 1628 et
566 1583 806 1629 mortuus
830 1583 910 1629 est
945 1596 1084 1628 anno
1114 1576 1298 1626 aetatis
1323 1594 1446 1625 suae
1471 1577 1701 1626 LVIII0.
1781 1578 1881 1639 Qui
1917 1579 1973 1626 in

363 1666 576 1711 tantum
625 1680 684 1712 eo
734 1667 971 1726 tempore
1030 1662 1310 1710 tenebatur
1367 1677 1544 1708 amore
1605 1662 1874 1710 Romanae
1924 1665 1975 1710 et

366 1746 677 1808 apostolicae
703 1746 1064 1807 institutionis,
1089 1751 1158 1805 ut,
1181 1745 1225 1792 si
1244 1744 1308 1792 ab
1334 1744 1644 1793 infirmitate
1669 1745 1971 1807 saluaretur,

368 1830 527 1877 etiam
576 1831 799 1878 Romam
843 1831 1035 1891 uenire,
1091 1829 1270 1891 ibique
1313 1829 1377 1876 ad
1427 1828 1537 1876 loca
1586 1831 1765 1877 sancta
1811 1829 1977 1877 uitam

368 1913 518 1960 finire
545 1914 855 1975 disponeret,
893 1913 1284 1975 Uilfridumque
1320 1911 1619 1974 episcopum
1655 1913 1841 1960 ducem
1877 1912 1978 1961 sibi

369 1995 574 2043 itineris
611 1996 734 2056 fieri,
767 1997 1022 2058 promissa
1056 1998 1059 2052 l
1095 2012 1202 2043 non
1240 2011 1400 2057 parua
1442 1995 1783 2057 pecuniarum
1826 1996 1978 2044 dona·
2026 2036 2032 2043 .
2079 2019 2095 2046 z

370 2079 528 2140 tione,
578 2082 791 2143 rogaret.
869 2080 969 2140 Qui
1017 2079 1295 2127 defunctus
1344 2077 1429 2125 die
1471 2078 1572 2126 XV
1615 2078 1978 2127 Kalendarum

371 2162 678 2210 Martiarum
705 2163 1012 2227 Ecgfridum
1029 2171 1044 2187 ³
1071 2163 1241 2210 filium
1278 2162 1427 2224 regni
1460 2162 1705 2209 heredem
1731 2162 1944 2225 reliquit
1967 2181 1978 2223 3

373 2246 518 2293 cuius
578 2263 716 2294 anno
770 2246 921 2309 regni
975 2246 1105 2306 1110,
1161 2245 1466 2293 Theodorus
1515 2245 1650 2307 cogit
1700 2246 1978 2294 concilium

373 2329 742 2391 episcoporum,
768 2347 873 2377 una
899 2347 1017 2377 cum
1045 2330 1131 2389 eis,
1159 2329 1250 2391 qui
1276 2328 1521 2376 canonica
1545 2330 1757 2390 patrum
1784 2331 1979 2378 statuta

373 2414 424 2460 et
461 2413 752 2476 diligerent,
791 2416 842 2461 et
878 2415 1106 2474 nossent,
1140 2411 1404 2475 magistris
1443 2411 1686 2460 ecclesiae
1723 2412 1974 2475 pluribus.

374 2496 575 2556 Quibus
603 2497 795 2558 pariter
828 2496 1165 2559 congregatis,
1198 2495 1477 2557 diligenter
1513 2512 1583 2554 ea,
1617 2512 1748 2558 quae
1784 2496 1980 2545 unitati

374 2580 513 2642 pacis
561 2579 935 2627 ecclesiasticae
995 2580 1357 2640 congruerent,
1415 2595 1473 2625 eo
1523 2595 1625 2640 quo
1674 2579 1980 2640 pontificem

375 2662 600 2723 decebat,
631 2663 820 2724 animo,
848 2663 1014 2725 coepit
1042 2661 1365 2710 obseruanda
1391 2661 1586 2709 docere.
1665 2662 1827 2710 Cuius
1864 2679 1980 2725 syn-

376 2746 550 2794 odicae
585 2747 803 2794 actionis
838 2746 1145 2794 huiusmodi
1182 2746 1359 2792 textus
1397 2746 1510 2792 est:

443 2831 511 2877 In
563 2832 754 2878 nominc
800 2831 1005 2878 Domini
1062 2831 1160 2877 Dei
1220 2832 1263 2876 ct
1314 2828 1591 2877 Saluatore's
1647 2830 1804 2876 nostri
1861 2830 1982 2878 Iesu

377 2912 575 2973 Chresti,
629 2918 863 2974 rcqnantc
913 2915 962 2961 in
1012 2916 1304 2974 pmpetuum
1365 2926 1421 2959 ac
1476 2912 1782 2972 ymbernante
1839 2928 1982 2960 suam

375 2997 618 3045 ecclesiam
655 2998 816 3045 codem
856 2998 1071 3045 Domino
1109 2996 1229 3044 Iesu
1269 2993 1471 3055 Christo,
1493 2995 1686 3055 placuit
1725 2997 1983 3044 conuenire

435 3134 447 3156 ¹
478 3136 647 3174 uiuunt
670 3134 741 3175 B2.
855 3134 870 3156 ²
899 3135 1126 3174 ecberchti
1149 3134 1197 3174 C.
1349 3133 1363 3155 ³
1392 3133 1467 3173 -da
1489 3133 1538 3173 C.
1690 3132 1703 3154 ¹
1733 3133 1912 3173 heorut·
1934 3133 1981 3173 G.

381 3201 394 3223 ⁵
423 3203 644 3242 ecfridum
666 3202 713 3242 C.
