2240 3444
505 712 885 795 [BAEDAE
959 714 1610 798 CONTINUATIO.]

334 898 488 945 ANNO
514 898 850 959 DCCXXXI,
882 898 1124 947 Ceoluulf
1155 916 1242 947 rex
1271 902 1461 962 captus,
1493 905 1544 948 et
1576 901 1833 960 adtonsus,

268 980 320 1026 et
356 979 607 1028 remissus
642 980 700 1027 in
735 997 955 1043 regnum
982 999 993 1041 ;
1030 982 1167 1030 Acca
1203 982 1468 1044 episcopus
1501 983 1562 1030 de
1595 1000 1685 1030 sua
1722 983 1839 1029 sede

264 1060 474 1123 fugatus
491 1060 520 1112 ¹.

334 1144 494 1192 Anno
536 1145 904 1205 DCCXXXII,
953 1144 1203 1207 Ecgberct
1237 1163 1329 1208 pro
1366 1145 1590 1194 Uilfrido
1627 1146 1840 1193 Eboraci

268 1225 540 1289 episcopus
563 1227 728 1276 factus
745 1226 774 1277 ¹.

329 1306 629 1363 [Cynibertus
651 1308 897 1365 episcopus
921 1308 1287 1352 Lindisfarorum
1310 1307 1429 1351 obiit
1442 1307 1492 1364 2.]

329 1379 482 1436 [Anno
536 1381 595 1425 ab
647 1380 972 1426 incarnatione
1025 1381 1216 1425 Domini
1258 1381 1575 1425 DCCXXXIII
1618 1379 1841 1424 Tatuuini

264 1452 662 1510 archiepiscopUS,
706 1458 901 1511 accepto
944 1455 1002 1499 ab
1047 1454 1308 1512 apostolica
1354 1454 1636 1499 auctoritate
1680 1453 1839 1510 pallio,

266 1525 508 1571 ordinauit
539 1527 677 1572 Aluic
711 1530 760 1572 et
793 1528 1051 1586 Sigfridum
1084 1527 1325 1584 episcopos
1340 1525 1389 1583 2.]

333 1603 492 1650 Anno
508 1603 906 1664 DCCXXXIII,
929 1603 1150 1665 eclypsis
1169 1602 1300 1650 facta
1316 1603 1416 1650 65ΐῡ3
1437 1601 1558 1650 solis
1574 1600 1795 1649 XVIIII
1806 1601 1835 1659 ⁴,

267 1683 383 1732 Kal.
427 1684 539 1746 Sep.
582 1685 711 1733 circa
746 1685 925 1734 horam
961 1685 1062 1734 diei
1098 1684 1319 1744 tertiam,
1352 1684 1424 1732 ita
1453 1687 1511 1732 ut
1537 1700 1667 1746 pene
1701 1685 1841 1730 totus

266 1766 403 1815 orbis
429 1767 552 1815 solis
587 1768 731 1830 quasi
761 1767 1041 1831 nigerrimo
1076 1769 1127 1814 et
1162 1767 1419 1814 horrendo
1451 1766 1626 1814 scuto⁵
1652 1764 1840 1812 uidere-

266 1851 354 1897 tur
372 1849 387 1874 ⁶
412 1865 523 1897 esse
548 1852 817 1912 coopertus
835 1851 865 1898 ⁷.

334 1932 494 1979 Anno
532 1931 948 1981 DCCXXXIIII
969 1931 997 1991 8,
1038 1931 1164 1978 luna
1199 1930 1480 1992 sanguineo
1517 1928 1699 1976 rubore
1735 1944 1840 1989 per-

266 2013 394 2074 fusa,
443 2013 589 2076 quasi
636 2014 761 2062 hora
798 2013 998 2075 integra
1040 2013 1112 2060 II.
1162 2012 1278 2060 Kal.
1325 2011 1468 2059 Febr.
1491 2012 1506 2035 ⁹
1549 2010 1679 2058 circa
1720 2008 1841 2070 galli

266 2097 492 2156 cantum,
524 2095 712 2144 dehinc
742 2094 1013 2157 nigredine
1048 2093 1393 2156 subsequente
1425 2093 1487 2141 ad
1522 2092 1690 2139 lucem
1727 2106 1839 2152 pro-

265 2177 433 2241 priam
457 2194 662 2226 reuersa
675 2177 706 2227 ⁷.

327 2327 481 2385 [Anno
514 2328 573 2372 ab
606 2327 933 2373 incarnatione
956 2326 1131 2372 Christi
1153 2325 1496 2371 DCCXXXIIII
1517 2322 1707 2368 Tatuini
1740 2321 1840 2378 epi-

265 2416 432 2459 scopus
454 2401 586 2447 obiit.

324 2476 462 2520 Anno
506 2475 806 2527 DCCXXXV,
850 2474 1129 2519 Nothehnus
1162 2472 1542 2529 archiepiscopus
1573 2469 1839 2517 ordinatur·,

267 2552 316 2595 et
339 2549 628 2606 Ecgberctus
652 2548 916 2604 episcopus,
941 2550 1137 2603 accepto
1170 2547 1228 2590 ab
1261 2545 1520 2602 apostolica
1542 2543 1647 2587 sede
1678 2540 1837 2597 pallio,

263 2622 442 2680 primus
464 2624 571 2678 post
594 2621 846 2665 Paulinum
869 2621 918 2665 in
942 2619 1399 2676 archiepiscopatum
1422 2617 1719 2662 confirmatus
1744 2616 1838 2662 est;

265 2695 598 2751 ordinauitque
624 2694 956 2740 Fruidbertum
976 2694 1011 2718 ¹⁴
1034 2696 1083 2738 eb
1116 2691 1484 2736 Fruiduualdum
1516 2688 1767 2745 episcopos,
1793 2688 1839 2729 et

267 2769 426 2814 Baeda
448 2768 692 2825 presbyter
713 2767 847 2812 obiit.

322 2896 334 2918 ¹
365 2899 475 2934 These
504 2897 646 2933 anmals
665 2907 729 2932 are
755 2898 820 2932 not
849 2897 891 2931 in
920 2893 965 2931 C.
985 2892 1050 2943 02.
1072 2891 1135 2938 0³-
1154 2890 1221 2937 09.
1285 2892 1354 2926 The
1370 2891 1518 2934 sor-mer
1549 2889 1580 2922 is
1610 2888 1671 2922 not
1697 2886 1739 2920 ιἰι
1767 2882 1834 2927 A..‚.

264 2960 279 2982 ²
296 2964 406 3009 from
428 2961 494 3008 Ag.
516 2972 554 2998 a.
579 2960 621 2999 b.
726 2959 741 2981 ³
769 2962 835 2998 est
857 2972 931 2997 om.
954 2959 998 2996 C.
1110 2955 1123 2976 ⁴
1153 2954 1309 2992 XVIII
1332 2953 1378 2992 C.
1402 2952 1468 2989 W.
1492 2952 1557 3001 02.
1683 2948 1696 2968 ·”
1725 2949 1839 2985 sicut

266 3026 314 3065 C.
337 3026 402 3074 02.
425 3025 477 3064 D.
502 3025 592 3063 situ
614 3024 679 3073 Ο,Β
699 3036 709 3072 ;
738 3036 861 3063 sacco
887 3024 930 3063 S.
1057 3022 1072 3044 ⁶
1100 3020 1282 3058 uidetur
1303 3018 1357 3056 M.
1376 3016 1444 3054 W.
1467 3016 1530 3063 02.
1670 3010 1682 3031 ⁷
1713 3017 1775 3050 noc
1796 3015 1839 3049 in

265 3092 335 3142 A3.
355 3091 437 3129 hoc
464 3101 583 3128 anno
612 3089 733 3128 Beda
761 3089 916 3128 doctor
943 3087 1053 3126 obiit
1084 3087 1133 3124 in
1163 3085 1366 3134 Gyruum
1387 3082 1463 3120 vii.
1489 3081 1546 3119 kl.
1575 3079 1712 3118 Iunii.
1737 3077 1832 3123 Bu..

265 3156 279 3177 ⁸
310 3153 646 3195 DCCXXXIII⁰
664 3154 735 3194 W.
757 3154 822 3206 02.
967 3152 981 3174 ⁹
1011 3152 1129 3201 Sept.
1151 3149 1218 3201 02.
1241 3149 1322 3199 (noc
1343 3147 1443 3198 W.).
1594 3142 1622 3163 ¹⁴
1653 3141 1837 3181 Fruidu-

264 3222 442 3260 bertum
462 3220 532 3269 A3.
