2240 3444
378 126 486 176 346
824 125 1089 179 Historia
1128 125 1515 180 Ecclesiae-tica
1800 135 1909 188 [Lm.
1929 141 1979 178 V.

378 274 588 333 tempus
635 271 855 334 paschae
900 290 1020 320 cum
1068 273 1317 321 uniuersa
1359 290 1475 321 mea
1524 275 1681 335 gente
1729 275 1980 336 perpetuo

378 355 532 415 uolo;
570 355 706 403 hanc
736 356 965 418 accipere
1000 355 1217 405 debereI
1255 358 1539 416 tonsuram,
1577 373 1734 418 quam
1767 356 1980 418 plenam

377 454 488 486 esse
525 438 774 487 rationis2
824 440 1067 488 audimus
1084 440 1114 500 3,
1160 457 1356 500 omnes,
1406 439 1497 501 qui
1544 438 1603 486 in
1644 455 1770 518 ineo
1818 456 1980 502 regno

377 524 517 582 sunt,
550 521 763 570 clericos
788 522 1043 572 decerno.'
1117 523 1164 570 N
1168 540 1222 570 ec
1246 539 1407 584 mora⁷
1439 538 1569 585 quae
1596 521 1810 582 dixerat,
1840 523 1980 586 regia

377 606 682 654 auctoritate
731 606 961 668 perfecit.
1053 606 1248 655 Statim
1297 622 1528 668 namque
1575 605 1721 654 iussu
1771 606 1981 668 puplico

377 688 727 737 mittebantur
753 690 816 737 ad
842 689 1313 750 transcribendum,
1346 688 1669 749 discendum,
1707 688 1979 737 obseruan-

377 772 519 834 dum,
544 789 637 834 per
655 772 927 820 uniuersas
948 773 1221 820 Pictorum
1241 771 1537 834 prouincias
1557 771 1736 819 circuli
1760 772 1982 834 paschae

377 855 836 917 decennouenales,
863 855 1178 903 oblitteratis
1203 872 1295 917 per
1315 854 1493 903 omnia
1518 855 1750 903 erroneis
1775 855 1983 904 LXXX

376 940 428 986 et
465 939 589 987 1111
628 956 891 986 annorum
932 939 1149 987 circulis.
1225 937 1672 987 Adtondebantui·
1709 955 1892 986 omnes
1925 938 1982 987 in

376 1038 619 1070 coronam
657 1022 887 1070 ministri
923 1022 1101 1070 altaris
1139 1023 1228 1070 ac4
1263 1020 1541 1082 monachi3
1579 1024 1631 1070 et
1666 1021 1812 1084 quasi
1842 1038 1981 1070 nouo

377 1122 430 1153 se
466 1106 802 1169 discipulatui
835 1106 1125 1154 beatissimi
1161 1106 1518 1168 apostolorum
1554 1105 1807 1168 principis
1836 1105 1984 1154 Petri

378 1190 656 1250 subditam,
700 1189 915 1252 eiusque
951 1189 1229 1237 tutandam
1266 1188 1555 1252 patrocinio
1593 1206 1721 1252 gens
1758 1191 1985 1238 correcta

378 1273 636 1335 gaudebat
652 1273 682 1321 ⁵.

950 1400 1104 1449 CAP.
1149 1399 1331 1449 XXII.

382 1515 427 1550 Ut
456 1515 636 1550 Hiienses
669 1514 851 1550 monachi
881 1524 968 1550 cum
998 1514 1176 1550 subiectis
1203 1514 1279 1550 sibi
1297 1514 1547 1550 monasteriis
1567 1514 1802 1550 canonicum
1824 1515 1984 1559 praedi-

712 1583 821 1617 ccmte
836 1580 1035 1625 Ecqbercto
1051 1575 1064 1597 ⁶
1085 1580 1268 1616 celebrare
1287 1581 1435 1624 pascha
1451 1581 1650 1624 coeperint.

89 1681 346 1725 Egbertoon-
449 1676 560 1725 NEC
587 1677 758 1725 multo
784 1678 905 1739 post
934 1677 1016 1724 illi
1041 1695 1261 1740 quoque,
1296 1677 1387 1740 qui
1416 1677 1647 1726 insulam
1678 1676 1775 1725 Hii
1799 1676 1985 1724 incole-

88 1730 302 1816 {ffgskghfff
378 1760 518 1822 bant,
562 1760 807 1809 monachi
846 1760 1100 1809 Scotticae
1139 1760 1371 1809 nationis
1409 1777 1529 1809 cuni
1573 1761 1670 1822 his,
1715 1777 1844 1823 quae
1884 1759 1985 1808 sibi

88 1832 255 1917 ἓξὲξ
273 1831 347 1867 the
378 1847 526 1892 erant
575 1844 797 1905 subdita,
840 1843 1175 1893 monasteriis
1211 1844 1276 1893 ad
1314 1845 1478 1893 ritum
1517 1844 1737 1907 paschae
1781 1860 1837 1891 ac
1876 1846 1986 1892 ton·

88 1932 236 1967 Easter
253 1933 339 1968 and
379 1945 527 1976 surae
569 1928 879 1976 canonicum
917 1928 1146 1976 Domino
1179 1930 1490 1990 procurante
1526 1928 1798 1990 perducti7
1842 1929 1979 1976 sunt.

88 1985 269 2027 tonsure,
423 2012 431 2021 .
514 2011 523 2020 .
942 2012 950 2020 .
1179 2012 1188 2021 .
1466 2011 1475 2020 .
1525 2012 1534 2020 .

89 2044 174 2067 M),
197 2034 269 2078 716-
380 2012 651 2074 Siquidem
677 2028 816 2059 anno
842 2012 905 2060 ab
936 2013 1294 2060 incarnatione
1319 2012 1539 2060 Domini
1569 2011 1850 2073 DCCXVI,
1884 2028 1985 2074 quo

381 2095 576 2143 Osredo
626 2094 791 2142 occiso
847 2095 1114 2144 CoenredS
1163 2095 1516 2158 gubernacula
1564 2095 1713 2158 regni
1756 2094 1986 2143 Nordan·

380 2178 730 2241 hymbrorum
758 2179 997 2241 suscepit,
1030 2196 1150 2227 cum
1176 2178 1410 2227 uenisset
1435 2179 1499 2227 ad
1526 2195 1613 2227 eos
1639 2179 1702 2226 de
1727 2177 1987 2226 Hibernia

381 2263 491 2310 Deo
517 2261 768 2322 amabilis,
801 2263 852 2309 et
879 2279 999 2310 cum
1027 2262 1175 2309 omni
1199 2262 1602 2311 honorificentia
1631 2262 1987 2309 nominandus

378 2348 526 2408 pater
555 2362 612 2392 ac
640 2345 887 2406 sacerdos,
916 2346 1170 2407 Ecgberct
1190 2346 1218 2405 ⁰,
1246 2345 1392 2393 cuius
1413 2347 1652 2408 superius
1676 2345 1986 2393 memoriani

380 2428 586 2490 saepius
610 2427 844 2489 fecimus⁷
877 2428 1166 2476 honorifice
1192 2429 1254 2476 ab
1281 2429 1355 2476 eis
1381 2431 1432 2477 et
1458 2429 1628 2476 multo
1655 2445 1776 2476 cum
1795 2428 1985 2491 gaudio

381 2514 650 2574 susceptus
680 2514 772 2560 est.
853 2511 1004 2572 Qui]O
1041 2512 1290 2574 quoniam
1329 2514 1380 2559 et
1414 2513 1593 2560 doctor
1623 2511 1981 2572 suauissimus,

379 2598 430 2643 et
456 2611 652 2656 eorum,
685 2612 816 2658 quae
843 2596 1042 2658 agenda
1067 2596 1296 2656 docebat,
1330 2598 1440 2643 erat
1466 2598 1737 2644 exsecutor
1762 2596 1985 2644 deuotis-

380 2678 558 2738 siinus,
600 2677 829 2726 libenter
867 2679 1079 2727 auditus
1117 2678 1181 2727 ab
1223 2679 1498 2739 uniuersis,
1548 2678 1836 2727 inmutauit
1884 2678 1987 2741 piis

384 2767 386 2820 ἦ
429 2778 485 2810 ac
523 2762 721 2809 sedulis
764 2762 1216 2810 exhortationibus
1258 2762 1605 2810 inueteratam
1645 2763 1794 2810 illam
1833 2761 1986 2810 tradi·
2014 2771 2042 2807 f.
2067 2783 2129 2815 124
2150 2772 2184 2806 b.

378 2844 577 2892 tionem
605 2847 886 2906 parentum
914 2862 1109 2906 eorum,
1142 2845 1206 2892 de
1237 2845 1427 2908 quibus
1457 2845 1800 2908 apostolicum
1829 2844 1984 2892 illum
2015 2822 2201 2907 {fig-Pet.

379 2928 498 2975 licet
523 2928 751 2990 proferre
779 2945 1092 2989 sermonem,
1124 2928 1262 2991 quod
1283 2929 1689 2976 aemulationem
1710 2928 1810 2977 Dei
1834 2928 1984 2976 habe·
2015 2923 2132 2958 Rom.
2148 2933 2204 2956 x„

436 3022 448 3042 ²
479 3025 652 3072 debere,
675 3029 800 3064 added
820 3039 869 3063 οη
892 3030 1052 3073 ‘mamm
1074 3026 1132 3065 M.
1236 3023 1252 3048 2
1285 3026 1478 3064 rationis
1500 3038 1571 3064 om.
1598 3025 1643 3064 C.
1667 3025 1729 3072 Ol.
1753 3024 1818 3073 03.
1834 3024 1887 3063 D.
1907 3023 1982 3063 &Q

423 3091 686 3129 audiuimus
712 3092 756 3130 C.
891 3090 904 3113 4
936 3093 980 3130 et
999 3090 1072 3130 M¹.
1208 3090 1223 3113 ⁵
1253 3092 1410 3130 altaris
1431 3120 1440 3129 .
1467 3122 1475 3130 .
1502 3123 1509 3130 .
1531 3091 1766 3141 gaudebat,
1789 3093 1913 3129 added
1933 3103 1983 3128 on

382 3159 438 3195 the
459 3160 569 3196 lower
590 3161 749 3205 mcwyin
770 3158 820 3197 B.
908 3158 922 3181 6
952 3158 1158 3196 ·berchto
1181 3157 1229 3197 C.
1327 3156 1342 3178 ⁷
1372 3170 1468 3208 pro—
1492 3158 1552 3196 M.
1648 3154 1663 3177 ⁸
1693 3156 1904 3195 coini‘edo
1926 3155 1978 3195 N.

378 3225 393 3246 ⁹
423 3226 574 3265 -berht
598 3227 644 3266 C.
758 3226 789 3250 ¹⁰
819 3228 896 3277 qui
918 3229 962 3266 et
984 3227 1044 3268 M.

379 3090 394 3110 :3
