<?xml version="1.0" encoding="UTF-8"?>
<!DOCTYPE html PUBLIC "-//W3C//DTD XHTML 1.0 Transitional//EN"
    "http://www.w3.org/TR/xhtml1/DTD/xhtml1-transitional.dtd">
<html xmlns="http://www.w3.org/1999/xhtml" xml:lang="en" lang="en">
 <head>
  <title>
</title>
<meta http-equiv="Content-Type" content="text/html;charset=utf-8" />
  <meta name='ocr-system' content='tesseract 3.04.00' />
  <meta name='ocr-capabilities' content='ocr_page ocr_carea ocr_par ocr_line ocrx_word'/>
</head>
<body>
  <div class='ocr_page' id='page_1' title='image "./venerabilisbaeda01bede_0338.png"; bbox 0 0 2240 3444; ppageno 0'>
   <div class='ocr_carea' id='block_1_1' title="bbox 126 848 334 992">
    <p class='ocr_par' dir='ltr' id='par_1_1' title="bbox 126 848 334 992">
     <span class='ocr_line' id='line_1_1' title="bbox 128 848 334 892; baseline 0.01 -11"><span class='ocrx_word' id='word_1_1' title='bbox 128 848 204 882; x_wconf 79' lang='lat' dir='ltr'>His</span> <span class='ocrx_word' id='word_1_2' title='bbox 221 848 334 892; x_wconf 77' lang='lat' dir='ltr'>piety</span> 
     </span>
     <span class='ocr_line' id='line_1_2' title="bbox 126 899 211 932; baseline 0 0"><span class='ocrx_word' id='word_1_3' title='bbox 126 899 211 932; x_wconf 79' lang='lat' dir='ltr'>and</span> 
     </span>
     <span class='ocr_line' id='line_1_3' title="bbox 127 948 301 992; baseline 0.017 -10"><span class='ocrx_word' id='word_1_4' title='bbox 127 948 301 992; x_wconf 79' lang='lat' dir='ltr'>charity.</span> 
     </span>
    </p>
   </div>
   <div class='ocr_carea' id='block_1_2' title="bbox 127 2842 355 2979">
    <p class='ocr_par' dir='ltr' id='par_1_2' title="bbox 127 2842 355 2979">
     <span class='ocr_line' id='line_1_4' title="bbox 128 2842 331 2877; baseline -0.01 0"><span class='ocrx_word' id='word_1_5' title='bbox 128 2842 266 2877; x_wconf 68' lang='lat' dir='ltr'>L&#39;nion</span> <span class='ocrx_word' id='word_1_6' title='bbox 286 2842 331 2875; x_wconf 86' lang='lat' dir='ltr'>of</span> 
     </span>
     <span class='ocr_line' id='line_1_5' title="bbox 127 2893 355 2928; baseline -0.004 -1"><span class='ocrx_word' id='word_1_7' title='bbox 127 2893 253 2928; x_wconf 84' lang='lat' dir='ltr'>Deira</span> <span class='ocrx_word' id='word_1_8' title='bbox 271 2893 355 2926; x_wconf 85' lang='lat' dir='ltr'>and</span> 
     </span>
     <span class='ocr_line' id='line_1_6' title="bbox 130 2942 335 2979; baseline 0.01 -3"><span class='ocrx_word' id='word_1_9' title='bbox 130 2942 335 2979; x_wconf 79' lang='lat' dir='ltr'>Bernicia.</span> 
     </span>
    </p>
   </div>
   <div class='ocr_carea' id='block_1_3' title="bbox 420 105 2011 166">
    <p class='ocr_par' dir='ltr' id='par_1_3' title="bbox 420 105 2011 166">
     <span class='ocr_line' id='line_1_7' title="bbox 420 105 2011 166; baseline 0 -10"><span class='ocrx_word' id='word_1_10' title='bbox 420 106 524 157; x_wconf 75' lang='lat'>138</span> <span class='ocrx_word' id='word_1_11' title='bbox 869 106 933 158; x_wconf 89' lang='lat' dir='ltr'><em>H</em></span> <span class='ocrx_word' id='word_1_12' title='bbox 930 105 1134 160; x_wconf 67' lang='lat' dir='ltr'>istoria</span> <span class='ocrx_word' id='word_1_13' title='bbox 1172 105 1559 159; x_wconf 64' lang='lat' dir='ltr'>Ecclesiae-tica</span> <span class='ocrx_word' id='word_1_14' title='bbox 1808 114 1916 166; x_wconf 63' lang='lat' dir='ltr'>[Lm</span> <span class='ocrx_word' id='word_1_15' title='bbox 1937 119 2011 157; x_wconf 92' lang='lat'>111.</span> 
     </span>
    </p>
   </div>
   <div class='ocr_carea' id='block_1_4' title="bbox 412 251 2019 2983">
    <p class='ocr_par' dir='ltr' id='par_1_4' title="bbox 414 251 2015 815">
     <span class='ocr_line' id='line_1_8' title="bbox 415 251 2015 316; baseline 0.001 -17"><span class='ocrx_word' id='word_1_16' title='bbox 415 251 679 314; x_wconf 89' lang='lat' dir='ltr'>incognita</span> <span class='ocrx_word' id='word_1_17' title='bbox 715 253 1134 316; x_wconf 73' lang='lat' dir='ltr'>progenitoribus</span> <span class='ocrx_word' id='word_1_18' title='bbox 1171 253 1279 302; x_wconf 88' lang='lat' dir='ltr'>suis</span> <span class='ocrx_word' id='word_1_19' title='bbox 1316 270 1476 316; x_wconf 88' lang='lat' dir='ltr'>regna</span> <span class='ocrx_word' id='word_1_20' title='bbox 1512 252 1769 301; x_wconf 89' lang='lat' dir='ltr'>caelorum</span> <span class='ocrx_word' id='word_1_21' title='bbox 1812 268 2015 314; x_wconf 87' lang='lat' dir='ltr'>sperare</span> 
     </span>
     <span class='ocr_line' id='line_1_9' title="bbox 416 334 2013 400; baseline -0.001 -17"><span class='ocrx_word' id='word_1_22' title='bbox 416 334 600 383; x_wconf 76' lang='lat' dir='ltr'>didicit</span> <span class='ocrx_word' id='word_1_23' title='bbox 621 354 632 397; x_wconf 79' lang='lat'><em>3</em></span> <span class='ocrx_word' id='word_1_24' title='bbox 670 336 760 384; x_wconf 91' lang='lat' dir='ltr'>sed</span> <span class='ocrx_word' id='word_1_25' title='bbox 786 338 837 384; x_wconf 87' lang='lat' dir='ltr'>et</span> <span class='ocrx_word' id='word_1_26' title='bbox 855 354 1016 400; x_wconf 87' lang='lat' dir='ltr'>regna</span> <span class='ocrx_word' id='word_1_27' title='bbox 1034 340 1288 386; x_wconf 88' lang='lat' dir='ltr'>terrarum</span> <span class='ocrx_word' id='word_1_28' title='bbox 1314 337 1434 399; x_wconf 88' lang='lat' dir='ltr'>plus</span> <span class='ocrx_word' id='word_1_29' title='bbox 1460 353 1615 399; x_wconf 86' lang='lat' dir='ltr'>quam</span> <span class='ocrx_word' id='word_1_30' title='bbox 1640 335 1737 383; x_wconf 92' lang='lat' dir='ltr'>ulli</span> <span class='ocrx_word' id='word_1_31' title='bbox 1754 335 2013 383; x_wconf 88' lang='lat' dir='ltr'>maiorum</span> 
     </span>
     <span class='ocr_line' id='line_1_10' title="bbox 416 419 2008 483; baseline 0 -18"><span class='ocrx_word' id='word_1_32' title='bbox 416 434 644 474; x_wconf 82' lang='lat' dir='ltr'>suorum,</span> <span class='ocrx_word' id='word_1_33' title='bbox 670 419 733 466; x_wconf 90' lang='lat' dir='ltr'>ab</span> <span class='ocrx_word' id='word_1_34' title='bbox 752 420 936 469; x_wconf 88' lang='lat' dir='ltr'>eodem</span> <span class='ocrx_word' id='word_1_35' title='bbox 956 437 1061 468; x_wconf 91' lang='lat' dir='ltr'>uno</span> <span class='ocrx_word' id='word_1_36' title='bbox 1079 421 1187 469; x_wconf 91' lang='lat' dir='ltr'>Deo</span> <span class='ocrx_word' id='word_1_37' title='bbox 1205 420 1233 481; x_wconf 84' lang='lat'>¹,</span> <span class='ocrx_word' id='word_1_38' title='bbox 1261 420 1351 483; x_wconf 87' lang='lat' dir='ltr'>qui</span> <span class='ocrx_word' id='word_1_39' title='bbox 1369 419 1491 468; x_wconf 83' lang='lat' dir='ltr'>fecit</span> <span class='ocrx_word' id='word_1_40' title='bbox 1511 419 1712 468; x_wconf 87' lang='lat' dir='ltr'>caelum</span> <span class='ocrx_word' id='word_1_41' title='bbox 1731 420 1782 466; x_wconf 91' lang='lat' dir='ltr'>et</span> <span class='ocrx_word' id='word_1_42' title='bbox 1801 420 2008 478; x_wconf 86' lang='lat' dir='ltr'>terram,</span> 
     </span>
     <span class='ocr_line' id='line_1_11' title="bbox 416 500 2014 566; baseline 0.001 -18"><span class='ocrx_word' id='word_1_43' title='bbox 416 503 720 550; x_wconf 86' lang='lat' dir='ltr'>consecutus</span> <span class='ocrx_word' id='word_1_44' title='bbox 746 504 837 551; x_wconf 78' lang='lat' dir='ltr'>est.</span> <span class='ocrx_word' id='word_1_45' title='bbox 915 503 1153 566; x_wconf 89' lang='lat' dir='ltr'>Denique</span> <span class='ocrx_word' id='word_1_46' title='bbox 1179 520 1359 551; x_wconf 89' lang='lat' dir='ltr'>omnes</span> <span class='ocrx_word' id='word_1_47' title='bbox 1384 502 1620 551; x_wconf 90' lang='lat' dir='ltr'>nationes</span> <span class='ocrx_word' id='word_1_48' title='bbox 1645 503 1696 549; x_wconf 92' lang='lat' dir='ltr'>et</span> <span class='ocrx_word' id='word_1_49' title='bbox 1720 500 2014 563; x_wconf 87' lang='lat' dir='ltr'>prouincias</span> 
     </span>
     <span class='ocr_line' id='line_1_12' title="bbox 414 584 2007 648; baseline -0.001 -16"><span class='ocrx_word' id='word_1_50' title='bbox 414 584 719 646; x_wconf 86' lang='lat' dir='ltr'>Brittaniae,</span> <span class='ocrx_word' id='word_1_51' title='bbox 765 602 895 648; x_wconf 89' lang='lat' dir='ltr'>quae</span> <span class='ocrx_word' id='word_1_52' title='bbox 936 586 993 633; x_wconf 91' lang='lat' dir='ltr'>in</span> <span class='ocrx_word' id='word_1_53' title='bbox 1033 586 1155 634; x_wconf 86' lang='lat'>1111</span> <span class='ocrx_word' id='word_1_54' title='bbox 1198 587 1415 648; x_wconf 76' lang='lat' dir='ltr'>linguas,</span> <span class='ocrx_word' id='word_1_55' title='bbox 1462 586 1516 633; x_wconf 92' lang='lat' dir='ltr'>id</span> <span class='ocrx_word' id='word_1_56' title='bbox 1558 587 1636 633; x_wconf 88' lang='lat' dir='ltr'>est</span> <span class='ocrx_word' id='word_1_57' title='bbox 1678 585 2007 646; x_wconf 88' lang='lat' dir='ltr'>Brettonum,</span> 
     </span>
     <span class='ocr_line' id='line_1_13' title="bbox 414 667 2012 732; baseline -0.001 -16"><span class='ocrx_word' id='word_1_58' title='bbox 414 667 699 729; x_wconf 84' lang='lat' dir='ltr'>Pictorum,</span> <span class='ocrx_word' id='word_1_59' title='bbox 746 669 1056 731; x_wconf 73' lang='lat' dir='ltr'>Scottorum,</span> <span class='ocrx_word' id='word_1_60' title='bbox 1102 672 1152 717; x_wconf 93' lang='lat' dir='ltr'>et</span> <span class='ocrx_word' id='word_1_61' title='bbox 1188 670 1499 732; x_wconf 88' lang='lat' dir='ltr'>Anglorum,</span> <span class='ocrx_word' id='word_1_62' title='bbox 1545 668 1739 717; x_wconf 90' lang='lat' dir='ltr'>diuisae</span> <span class='ocrx_word' id='word_1_63' title='bbox 1777 669 1914 729; x_wconf 85' lang='lat' dir='ltr'>sunt,</span> <span class='ocrx_word' id='word_1_64' title='bbox 1957 667 2012 715; x_wconf 91' lang='lat' dir='ltr'>in</span> 
     </span>
     <span class='ocr_line' id='line_1_14' title="bbox 415 750 848 815; baseline 0.005 -17"><span class='ocrx_word' id='word_1_65' title='bbox 415 750 616 799; x_wconf 90' lang='lat' dir='ltr'>dicione</span> <span class='ocrx_word' id='word_1_66' title='bbox 642 751 848 815; x_wconf 87' lang='lat' dir='ltr'>accepit.</span> 
     </span>
    </p>

    <p class='ocr_par' dir='ltr' id='par_1_5' title="bbox 412 834 2019 2798">
     <span class='ocr_line' id='line_1_15' title="bbox 485 834 2015 897; baseline 0.001 -16"><span class='ocrx_word' id='word_1_67' title='bbox 485 834 597 894; x_wconf 78' lang='lat' dir='ltr'>Quo</span> <span class='ocrx_word' id='word_1_68' title='bbox 636 835 784 897; x_wconf 89' lang='lat' dir='ltr'>regni</span> <span class='ocrx_word' id='word_1_69' title='bbox 827 835 1055 883; x_wconf 89' lang='lat' dir='ltr'>culmine</span> <span class='ocrx_word' id='word_1_70' title='bbox 1094 835 1421 896; x_wconf 88' lang='lat' dir='ltr'>sublimatus,</span> <span class='ocrx_word' id='word_1_71' title='bbox 1471 834 1831 893; x_wconf 84' lang='lat' dir='ltr'>nihilominus,</span> <span class='ocrx_word' id='word_1_72' title='bbox 1878 834 2015 896; x_wconf 88' lang='lat' dir='ltr'>quod</span> 
     </span>
     <span class='ocr_line' id='line_1_16' title="bbox 414 916 2018 982; baseline 0 -18"><span class='ocrx_word' id='word_1_73' title='bbox 414 916 612 964; x_wconf 88' lang='lat' dir='ltr'>mirum</span> <span class='ocrx_word' id='word_1_74' title='bbox 669 918 810 966; x_wconf 88' lang='lat' dir='ltr'>dictu</span> <span class='ocrx_word' id='word_1_75' title='bbox 861 920 951 975; x_wconf 90' lang='lat' dir='ltr'>est,</span> <span class='ocrx_word' id='word_1_76' title='bbox 1001 918 1316 982; x_wconf 77' lang='lat' dir='ltr'>pauperibus</span> <span class='ocrx_word' id='word_1_77' title='bbox 1371 920 1423 966; x_wconf 92' lang='lat' dir='ltr'>et</span> <span class='ocrx_word' id='word_1_78' title='bbox 1478 917 1765 981; x_wconf 77' lang='lat' dir='ltr'>peregrinis</span> <span class='ocrx_word' id='word_1_79' title='bbox 1813 933 2018 979; x_wconf 88' lang='lat' dir='ltr'>semper</span> 
     </span>
     <span class='ocr_line' id='line_1_17' title="bbox 414 1000 2011 1064; baseline -0.001 -16"><span class='ocrx_word' id='word_1_80' title='bbox 414 1000 646 1061; x_wconf 88' lang='lat' dir='ltr'>humilis,</span> <span class='ocrx_word' id='word_1_81' title='bbox 700 1001 972 1064; x_wconf 88' lang='lat' dir='ltr'>benignus,</span> <span class='ocrx_word' id='word_1_82' title='bbox 1022 1004 1073 1049; x_wconf 90' lang='lat' dir='ltr'>et</span> <span class='ocrx_word' id='word_1_83' title='bbox 1122 1002 1298 1064; x_wconf 88' lang='lat' dir='ltr'>largus</span> <span class='ocrx_word' id='word_1_84' title='bbox 1338 1001 1453 1050; x_wconf 85' lang='lat' dir='ltr'>fuit.</span> <span class='ocrx_word' id='word_1_85' title='bbox 1545 1000 1784 1063; x_wconf 89' lang='lat' dir='ltr'>Denique</span> <span class='ocrx_word' id='word_1_86' title='bbox 1832 1000 2011 1061; x_wconf 76' lang='lat' dir='ltr'>fertur,</span> 
     </span>
     <span class='ocr_line' id='line_1_18' title="bbox 414 1083 2015 1146; baseline 0 -15"><span class='ocrx_word' id='word_1_87' title='bbox 414 1083 533 1145; x_wconf 87' lang='lat' dir='ltr'>quia</span> <span class='ocrx_word' id='word_1_88' title='bbox 576 1086 810 1146; x_wconf 79' lang='lat' dir='ltr'>tempore</span> <span class='ocrx_word' id='word_1_89' title='bbox 854 1085 1092 1146; x_wconf 85' lang='lat' dir='ltr'>quodam,</span> <span class='ocrx_word' id='word_1_90' title='bbox 1140 1101 1259 1132; x_wconf 87' lang='lat' dir='ltr'>cum</span> <span class='ocrx_word' id='word_1_91' title='bbox 1298 1085 1379 1132; x_wconf 91' lang='lat' dir='ltr'>die</span> <span class='ocrx_word' id='word_1_92' title='bbox 1420 1086 1596 1132; x_wconf 90' lang='lat' dir='ltr'>sancto</span> <span class='ocrx_word' id='word_1_93' title='bbox 1635 1084 1854 1146; x_wconf 79' lang='lat' dir='ltr'>paschae</span> <span class='ocrx_word' id='word_1_94' title='bbox 1895 1100 2015 1131; x_wconf 93' lang='lat' dir='ltr'>cum</span> 
     </span>
     <span class='ocr_line' id='line_1_19' title="bbox 412 1166 2014 1230; baseline 0.001 -17"><span class='ocrx_word' id='word_1_95' title='bbox 412 1167 640 1229; x_wconf 85' lang='lat' dir='ltr'>praefato</span> <span class='ocrx_word' id='word_1_96' title='bbox 667 1167 903 1229; x_wconf 89' lang='lat' dir='ltr'>episcopo</span> <span class='ocrx_word' id='word_1_97' title='bbox 937 1168 1254 1215; x_wconf 84' lang='lat' dir='ltr'>consedisset</span> <span class='ocrx_word' id='word_1_98' title='bbox 1283 1169 1346 1215; x_wconf 88' lang='lat' dir='ltr'>ad</span> <span class='ocrx_word' id='word_1_99' title='bbox 1381 1167 1672 1230; x_wconf 83' lang='lat' dir='ltr'>prandium,</span> <span class='ocrx_word' id='word_1_100' title='bbox 1712 1166 2014 1229; x_wconf 89' lang='lat' dir='ltr'>positusque</span> 
     </span>
     <span class='ocr_line' id='line_1_20' title="bbox 415 1249 2014 1313; baseline 0 -16"><span class='ocrx_word' id='word_1_101' title='bbox 415 1252 547 1297; x_wconf 86' lang='lat' dir='ltr'>esset</span> <span class='ocrx_word' id='word_1_102' title='bbox 588 1249 645 1297; x_wconf 90' lang='lat' dir='ltr'>in</span> <span class='ocrx_word' id='word_1_103' title='bbox 688 1267 870 1297; x_wconf 88' lang='lat' dir='ltr'>mensa</span> <span class='ocrx_word' id='word_1_104' title='bbox 914 1267 1084 1298; x_wconf 89' lang='lat' dir='ltr'>coram</span> <span class='ocrx_word' id='word_1_105' title='bbox 1123 1267 1181 1298; x_wconf 95' lang='lat' dir='ltr'>eo</span> <span class='ocrx_word' id='word_1_106' title='bbox 1225 1250 1396 1299; x_wconf 88' lang='lat' dir='ltr'>discus</span> <span class='ocrx_word' id='word_1_107' title='bbox 1439 1253 1714 1313; x_wconf 89' lang='lat' dir='ltr'>argenteus</span> <span class='ocrx_word' id='word_1_108' title='bbox 1754 1250 2014 1313; x_wconf 88' lang='lat' dir='ltr'>regalibus</span> 
     </span>
     <span class='ocr_line' id='line_1_21' title="bbox 416 1332 2014 1396; baseline 0 -16"><span class='ocrx_word' id='word_1_109' title='bbox 416 1333 582 1396; x_wconf 90' lang='lat' dir='ltr'>epulis</span> <span class='ocrx_word' id='word_1_110' title='bbox 607 1333 842 1394; x_wconf 87' lang='lat' dir='ltr'>refertus,</span> <span class='ocrx_word' id='word_1_111' title='bbox 875 1336 925 1382; x_wconf 92' lang='lat' dir='ltr'>et</span> <span class='ocrx_word' id='word_1_112' title='bbox 951 1334 1267 1396; x_wconf 86' lang='lat' dir='ltr'>iamiamque</span> <span class='ocrx_word' id='word_1_113' title='bbox 1282 1332 1299 1356; x_wconf 74' lang='lat'><strong>²</strong></span> <span class='ocrx_word' id='word_1_114' title='bbox 1324 1337 1496 1382; x_wconf 90' lang='lat' dir='ltr'>essent</span> <span class='ocrx_word' id='word_1_115' title='bbox 1520 1351 1709 1383; x_wconf 88' lang='lat' dir='ltr'>manus</span> <span class='ocrx_word' id='word_1_116' title='bbox 1735 1335 1799 1382; x_wconf 91' lang='lat' dir='ltr'>ad</span> <span class='ocrx_word' id='word_1_117' title='bbox 1825 1349 2014 1396; x_wconf 92' lang='lat' dir='ltr'>panem</span> 
     </span>
     <span class='ocr_line' id='line_1_22' title="bbox 414 1417 2013 1478; baseline 0 -14"><span class='ocrx_word' id='word_1_118' title='bbox 414 1417 827 1464; x_wconf 90' lang='lat' dir='ltr'>benedicendum</span> <span class='ocrx_word' id='word_1_119' title='bbox 882 1417 1109 1478; x_wconf 85' lang='lat' dir='ltr'>missuri,</span> <span class='ocrx_word' id='word_1_120' title='bbox 1178 1417 1401 1465; x_wconf 79' lang='lat' dir='ltr'>intrasse</span> <span class='ocrx_word' id='word_1_121' title='bbox 1468 1417 1640 1466; x_wconf 90' lang='lat' dir='ltr'>subito</span> <span class='ocrx_word' id='word_1_122' title='bbox 1706 1417 2013 1465; x_wconf 89' lang='lat' dir='ltr'>ministrum</span> 
     </span>
     <span class='ocr_line' id='line_1_23' title="bbox 413 1499 2008 1563; baseline -0.001 -16"><span class='ocrx_word' id='word_1_123' title='bbox 413 1499 590 1562; x_wconf 79' lang='lat' dir='ltr'>ipsius,</span> <span class='ocrx_word' id='word_1_124' title='bbox 622 1499 704 1547; x_wconf 83' lang='lat' dir='ltr'>cui</span> <span class='ocrx_word' id='word_1_125' title='bbox 725 1499 1177 1562; x_wconf 85' lang='lat' dir='ltr'>suscipiendorum</span> <span class='ocrx_word' id='word_1_126' title='bbox 1203 1499 1422 1563; x_wconf 90' lang='lat' dir='ltr'>inopum</span> <span class='ocrx_word' id='word_1_127' title='bbox 1444 1502 1554 1547; x_wconf 90' lang='lat' dir='ltr'>erat</span> <span class='ocrx_word' id='word_1_128' title='bbox 1579 1517 1700 1547; x_wconf 89' lang='lat' dir='ltr'>cura</span> <span class='ocrx_word' id='word_1_129' title='bbox 1725 1499 1958 1562; x_wconf 88' lang='lat' dir='ltr'>delegata</span> <span class='ocrx_word' id='word_1_130' title='bbox 1977 1499 2008 1559; x_wconf 78' lang='lat'>3,</span> 
     </span>
     <span class='ocr_line' id='line_1_24' title="bbox 415 1582 2015 1646; baseline -0.001 -16"><span class='ocrx_word' id='word_1_131' title='bbox 415 1586 465 1631; x_wconf 85' lang='lat' dir='ltr'>et</span> <span class='ocrx_word' id='word_1_132' title='bbox 498 1583 752 1631; x_wconf 79' lang='lat' dir='ltr'>indicasse</span> <span class='ocrx_word' id='word_1_133' title='bbox 786 1583 906 1646; x_wconf 88' lang='lat' dir='ltr'>regi,</span> <span class='ocrx_word' id='word_1_134' title='bbox 941 1583 1061 1646; x_wconf 87' lang='lat' dir='ltr'>quia</span> <span class='ocrx_word' id='word_1_135' title='bbox 1096 1582 1383 1631; x_wconf 87' lang='lat' dir='ltr'>multitudo</span> <span class='ocrx_word' id='word_1_136' title='bbox 1416 1599 1703 1645; x_wconf 88' lang='lat' dir='ltr'>pauperum</span> <span class='ocrx_word' id='word_1_137' title='bbox 1733 1583 2015 1630; x_wconf 87' lang='lat' dir='ltr'>undecum-</span> 
     </span>
     <span class='ocr_line' id='line_1_25' title="bbox 414 1666 2014 1729; baseline -0.001 -15"><span class='ocrx_word' id='word_1_138' title='bbox 414 1684 514 1729; x_wconf 88' lang='lat' dir='ltr'>que</span> <span class='ocrx_word' id='word_1_139' title='bbox 543 1666 826 1714; x_wconf 91' lang='lat' dir='ltr'>adueniens</span> <span class='ocrx_word' id='word_1_140' title='bbox 858 1666 1086 1714; x_wconf 80' lang='lat' dir='ltr'>maxima</span> <span class='ocrx_word' id='word_1_141' title='bbox 1115 1683 1206 1728; x_wconf 90' lang='lat' dir='ltr'>per</span> <span class='ocrx_word' id='word_1_142' title='bbox 1235 1666 1434 1729; x_wconf 81' lang='lat' dir='ltr'>plateas</span> <span class='ocrx_word' id='word_1_143' title='bbox 1467 1667 1679 1726; x_wconf 89' lang='lat' dir='ltr'>sederet,</span> <span class='ocrx_word' id='word_1_144' title='bbox 1708 1666 2014 1728; x_wconf 76' lang='lat' dir='ltr'>postulans⁴</span> 
     </span>
     <span class='ocr_line' id='line_1_26' title="bbox 416 1749 2017 1813; baseline -0.001 -15"><span class='ocrx_word' id='word_1_145' title='bbox 416 1749 612 1812; x_wconf 80' lang='lat' dir='ltr'>aliquid</span> <span class='ocrx_word' id='word_1_146' title='bbox 656 1750 977 1813; x_wconf 89' lang='lat' dir='ltr'>elimosynae</span> <span class='ocrx_word' id='word_1_147' title='bbox 1017 1766 1046 1797; x_wconf 88' lang='lat' dir='ltr'>a</span> <span class='ocrx_word' id='word_1_148' title='bbox 1088 1767 1219 1812; x_wconf 88' lang='lat' dir='ltr'>rege.</span> <span class='ocrx_word' id='word_1_149' title='bbox 1298 1750 1399 1811; x_wconf 76' lang='lat' dir='ltr'>Qui</span> <span class='ocrx_word' id='word_1_150' title='bbox 1441 1766 1563 1797; x_wconf 80' lang='lat' dir='ltr'>mox</span> <span class='ocrx_word' id='word_1_151' title='bbox 1604 1749 1762 1812; x_wconf 88' lang='lat' dir='ltr'>dapes</span> <span class='ocrx_word' id='word_1_152' title='bbox 1805 1749 2017 1797; x_wconf 89' lang='lat' dir='ltr'>sibimet</span> 
     </span>
     <span class='ocr_line' id='line_1_27' title="bbox 415 1831 2012 1896; baseline -0.001 -15"><span class='ocrx_word' id='word_1_153' title='bbox 415 1834 675 1895; x_wconf 80' lang='lat' dir='ltr'>adpositas</span> <span class='ocrx_word' id='word_1_154' title='bbox 709 1833 899 1882; x_wconf 84' lang='lat' dir='ltr'>deferri</span> <span class='ocrx_word' id='word_1_155' title='bbox 931 1833 1259 1896; x_wconf 88' lang='lat' dir='ltr'>pauperibus,</span> <span class='ocrx_word' id='word_1_156' title='bbox 1291 1834 1381 1881; x_wconf 90' lang='lat' dir='ltr'>sed</span> <span class='ocrx_word' id='word_1_157' title='bbox 1420 1835 1471 1881; x_wconf 89' lang='lat' dir='ltr'>et</span> <span class='ocrx_word' id='word_1_158' title='bbox 1502 1833 1704 1881; x_wconf 89' lang='lat' dir='ltr'>discum</span> <span class='ocrx_word' id='word_1_159' title='bbox 1738 1831 2012 1894; x_wconf 81' lang='lat' dir='ltr'>confringi,</span> 
     </span>
     <span class='ocr_line' id='line_1_28' title="bbox 416 1915 2018 1979; baseline 0.001 -16"><span class='ocrx_word' id='word_1_160' title='bbox 416 1918 570 1978; x_wconf 82' lang='lat' dir='ltr'>atque</span> <span class='ocrx_word' id='word_1_161' title='bbox 613 1916 810 1965; x_wconf 87' lang='lat' dir='ltr'>eisdem</span> <span class='ocrx_word' id='word_1_162' title='bbox 852 1917 1158 1965; x_wconf 86' lang='lat' dir='ltr'>minutatim</span> <span class='ocrx_word' id='word_1_163' title='bbox 1199 1916 1365 1965; x_wconf 89' lang='lat' dir='ltr'>diuidi</span> <span class='ocrx_word' id='word_1_164' title='bbox 1403 1915 1675 1979; x_wconf 85' lang='lat' dir='ltr'>praecepit.</span> <span class='ocrx_word' id='word_1_165' title='bbox 1753 1916 1865 1977; x_wconf 74' lang='lat' dir='ltr'>Quo</span> <span class='ocrx_word' id='word_1_166' title='bbox 1903 1916 2018 1964; x_wconf 89' lang='lat' dir='ltr'>uiso</span> 
     </span>
     <span class='ocr_line' id='line_1_29' title="bbox 416 1999 2012 2062; baseline 0.001 -16"><span class='ocrx_word' id='word_1_167' title='bbox 416 1999 667 2061; x_wconf 74' lang='lat' dir='ltr'>pontifex,</span> <span class='ocrx_word' id='word_1_168' title='bbox 719 2000 808 2062; x_wconf 86' lang='lat' dir='ltr'>qui</span> <span class='ocrx_word' id='word_1_169' title='bbox 848 2000 1129 2061; x_wconf 83' lang='lat' dir='ltr'>adsidebat,</span> <span class='ocrx_word' id='word_1_170' title='bbox 1173 2000 1457 2048; x_wconf 88' lang='lat' dir='ltr'>delectatus</span> <span class='ocrx_word' id='word_1_171' title='bbox 1496 2000 1589 2047; x_wconf 86' lang='lat' dir='ltr'>tali</span> <span class='ocrx_word' id='word_1_172' title='bbox 1626 2000 1762 2048; x_wconf 86' lang='lat' dir='ltr'>facto</span> <span class='ocrx_word' id='word_1_173' title='bbox 1792 1999 2012 2062; x_wconf 88' lang='lat' dir='ltr'>pietatis,</span> 
     </span>
     <span class='ocr_line' id='line_1_30' title="bbox 417 2082 2017 2146; baseline 0 -16"><span class='ocrx_word' id='word_1_174' title='bbox 417 2082 763 2144; x_wconf 86' lang='lat' dir='ltr'>adprehendit</span> <span class='ocrx_word' id='word_1_175' title='bbox 812 2084 1078 2132; x_wconf 81' lang='lat' dir='ltr'>dexteram</span> <span class='ocrx_word' id='word_1_176' title='bbox 1127 2083 1252 2145; x_wconf 92' lang='lat' dir='ltr'>eius,</span> <span class='ocrx_word' id='word_1_177' title='bbox 1300 2086 1351 2132; x_wconf 92' lang='lat' dir='ltr'>et</span> <span class='ocrx_word' id='word_1_178' title='bbox 1403 2083 1510 2132; x_wconf 90' lang='lat' dir='ltr'>ait:</span> <span class='ocrx_word' id='word_1_179' title='bbox 1570 2083 1901 2146; x_wconf 82' lang='lat' dir='ltr'>‘Numquam</span> <span class='ocrx_word' id='word_1_180' title='bbox 1942 2083 2017 2131; x_wconf 92' lang='lat' dir='ltr'>in·</span> 
     </span>
     <span class='ocr_line' id='line_1_31' title="bbox 416 2166 2016 2228; baseline 0.002 -16"><span class='ocrx_word' id='word_1_181' title='bbox 416 2168 734 2213; x_wconf 66' lang='lat' dir='ltr'>ueterescat⁵</span> <span class='ocrx_word' id='word_1_182' title='bbox 776 2167 899 2214; x_wconf 85' lang='lat' dir='ltr'>haec-</span> <span class='ocrx_word' id='word_1_183' title='bbox 944 2168 1166 2215; x_wconf 88' lang='lat' dir='ltr'>manus.&#39;</span> <span class='ocrx_word' id='word_1_184' title='bbox 1239 2167 1388 2228; x_wconf 76' lang='lat' dir='ltr'>Quod</span> <span class='ocrx_word' id='word_1_185' title='bbox 1429 2169 1479 2215; x_wconf 92' lang='lat' dir='ltr'>et</span> <span class='ocrx_word' id='word_1_186' title='bbox 1522 2166 1595 2214; x_wconf 88' lang='lat' dir='ltr'>ita</span> <span class='ocrx_word' id='word_1_187' title='bbox 1642 2166 1788 2214; x_wconf 82' lang='lat' dir='ltr'>iuxta</span> <span class='ocrx_word' id='word_1_188' title='bbox 1829 2169 2016 2215; x_wconf 89' lang='lat' dir='ltr'>uotum</span> 
     </span>
     <span class='ocr_line' id='line_1_32' title="bbox 415 2248 2017 2312; baseline 0.001 -16"><span class='ocrx_word' id='word_1_189' title='bbox 415 2248 792 2297; x_wconf 89' lang='lat' dir='ltr'>benedictionis</span> <span class='ocrx_word' id='word_1_190' title='bbox 826 2250 936 2298; x_wconf 88' lang='lat' dir='ltr'>eius</span> <span class='ocrx_word' id='word_1_191' title='bbox 965 2250 1220 2312; x_wconf 90' lang='lat' dir='ltr'>prouenit.</span> <span class='ocrx_word' id='word_1_192' title='bbox 1300 2250 1434 2298; x_wconf 90' lang='lat' dir='ltr'>Nam</span> <span class='ocrx_word' id='word_1_193' title='bbox 1470 2267 1589 2297; x_wconf 92' lang='lat' dir='ltr'>cum</span> <span class='ocrx_word' id='word_1_194' title='bbox 1621 2249 1891 2298; x_wconf 85' lang='lat' dir='ltr'>interfecto</span> <span class='ocrx_word' id='word_1_195' title='bbox 1925 2250 2017 2298; x_wconf 92' lang='lat' dir='ltr'>illo</span> 
     </span>
     <span class='ocr_line' id='line_1_33' title="bbox 420 2332 2019 2395; baseline 0 -15"><span class='ocrx_word' id='word_1_196' title='bbox 420 2332 478 2380; x_wconf 87' lang='lat' dir='ltr'>in</span> <span class='ocrx_word' id='word_1_197' title='bbox 496 2333 511 2357; x_wconf 81' lang='lat'>⁰</span> <span class='ocrx_word' id='word_1_198' title='bbox 540 2349 729 2395; x_wconf 88' lang='lat' dir='ltr'>pugna,</span> <span class='ocrx_word' id='word_1_199' title='bbox 761 2349 953 2380; x_wconf 89' lang='lat' dir='ltr'>manus</span> <span class='ocrx_word' id='word_1_200' title='bbox 980 2349 1100 2380; x_wconf 92' lang='lat' dir='ltr'>cum</span> <span class='ocrx_word' id='word_1_201' title='bbox 1126 2332 1338 2381; x_wconf 86' lang='lat' dir='ltr'>brachio</span> <span class='ocrx_word' id='word_1_202' title='bbox 1363 2350 1392 2381; x_wconf 90' lang='lat' dir='ltr'>a</span> <span class='ocrx_word' id='word_1_203' title='bbox 1418 2335 1584 2380; x_wconf 86' lang='lat' dir='ltr'>cetero</span> <span class='ocrx_word' id='word_1_204' title='bbox 1611 2335 1784 2380; x_wconf 86' lang='lat' dir='ltr'>essent</span> <span class='ocrx_word' id='word_1_205' title='bbox 1810 2349 2019 2395; x_wconf 90' lang='lat' dir='ltr'>corpore</span> 
     </span>
     <span class='ocr_line' id='line_1_34' title="bbox 418 2415 2011 2478; baseline 0.001 -16"><span class='ocrx_word' id='word_1_206' title='bbox 418 2418 642 2463; x_wconf 82' lang='lat' dir='ltr'>resectae</span> <span class='ocrx_word' id='word_1_207' title='bbox 661 2416 691 2476; x_wconf 79' lang='lat'>⁷,</span> <span class='ocrx_word' id='word_1_208' title='bbox 723 2415 953 2478; x_wconf 84' lang='lat' dir='ltr'>contigit,</span> <span class='ocrx_word' id='word_1_209' title='bbox 990 2418 1049 2463; x_wconf 90' lang='lat' dir='ltr'>ut</span> <span class='ocrx_word' id='word_1_210' title='bbox 1081 2416 1333 2463; x_wconf 86' lang='lat' dir='ltr'>hactenus</span> <span class='ocrx_word' id='word_1_211' title='bbox 1361 2416 1687 2478; x_wconf 87' lang='lat' dir='ltr'>incorruptae</span> <span class='ocrx_word' id='word_1_212' title='bbox 1715 2416 2011 2478; x_wconf 87' lang='lat' dir='ltr'>perdurent.</span> 
     </span>
     <span class='ocr_line' id='line_1_35' title="bbox 417 2498 2017 2562; baseline 0 -15"><span class='ocrx_word' id='word_1_213' title='bbox 417 2499 655 2561; x_wconf 87' lang='lat' dir='ltr'>Denique</span> <span class='ocrx_word' id='word_1_214' title='bbox 681 2498 738 2546; x_wconf 87' lang='lat' dir='ltr'>in</span> <span class='ocrx_word' id='word_1_215' title='bbox 757 2499 884 2547; x_wconf 88' lang='lat' dir='ltr'>urbe</span> <span class='ocrx_word' id='word_1_216' title='bbox 904 2499 1054 2561; x_wconf 88' lang='lat' dir='ltr'>regia,</span> <span class='ocrx_word' id='word_1_217' title='bbox 1081 2516 1213 2561; x_wconf 88' lang='lat' dir='ltr'>quae</span> <span class='ocrx_word' id='word_1_218' title='bbox 1233 2516 1262 2547; x_wconf 89' lang='lat' dir='ltr'>a</span> <span class='ocrx_word' id='word_1_219' title='bbox 1282 2499 1461 2562; x_wconf 87' lang='lat' dir='ltr'>regina</span> <span class='ocrx_word' id='word_1_220' title='bbox 1481 2500 1744 2561; x_wconf 85' lang='lat' dir='ltr'>quondam</span> <span class='ocrx_word' id='word_1_221' title='bbox 1763 2499 2017 2547; x_wconf 90' lang='lat' dir='ltr'>uocabulo</span> 
     </span>
     <span class='ocr_line' id='line_1_36' title="bbox 418 2582 2019 2645; baseline 0.001 -15"><span class='ocrx_word' id='word_1_222' title='bbox 418 2582 596 2630; x_wconf 88' lang='lat' dir='ltr'>Bebba</span> <span class='ocrx_word' id='word_1_223' title='bbox 622 2583 1033 2644; x_wconf 88' lang='lat' dir='ltr'>cognominatur,</span> <span class='ocrx_word' id='word_1_224' title='bbox 1065 2582 1234 2630; x_wconf 92' lang='lat' dir='ltr'>loculo</span> <span class='ocrx_word' id='word_1_225' title='bbox 1260 2582 1492 2630; x_wconf 88' lang='lat' dir='ltr'>inclusae</span> <span class='ocrx_word' id='word_1_226' title='bbox 1516 2585 1761 2645; x_wconf 85' lang='lat' dir='ltr'>argenteo</span> <span class='ocrx_word' id='word_1_227' title='bbox 1786 2583 1842 2630; x_wconf 91' lang='lat' dir='ltr'>in</span> <span class='ocrx_word' id='word_1_228' title='bbox 1868 2583 2019 2631; x_wconf 89' lang='lat' dir='ltr'>eccle·</span> 
     </span>
     <span class='ocr_line' id='line_1_37' title="bbox 416 2665 2019 2728; baseline 0.001 -15"><span class='ocrx_word' id='word_1_229' title='bbox 416 2666 492 2714; x_wconf 87' lang='lat' dir='ltr'>sia</span> <span class='ocrx_word' id='word_1_230' title='bbox 522 2666 689 2713; x_wconf 89' lang='lat' dir='ltr'>sancti</span> <span class='ocrx_word' id='word_1_231' title='bbox 726 2665 871 2714; x_wconf 88' lang='lat' dir='ltr'>Petri</span> <span class='ocrx_word' id='word_1_232' title='bbox 908 2667 1196 2727; x_wconf 88' lang='lat' dir='ltr'>seruantur,</span> <span class='ocrx_word' id='word_1_233' title='bbox 1228 2682 1285 2713; x_wconf 89' lang='lat' dir='ltr'>ac-</span> <span class='ocrx_word' id='word_1_234' title='bbox 1324 2665 1481 2728; x_wconf 89' lang='lat' dir='ltr'>digno</span> <span class='ocrx_word' id='word_1_235' title='bbox 1519 2683 1548 2713; x_wconf 89' lang='lat' dir='ltr'>a</span> <span class='ocrx_word' id='word_1_236' title='bbox 1585 2666 1784 2714; x_wconf 88' lang='lat' dir='ltr'>cunctis</span> <span class='ocrx_word' id='word_1_237' title='bbox 1821 2666 2019 2714; x_wconf 89' lang='lat' dir='ltr'>honore</span> 
     </span>
     <span class='ocr_line' id='line_1_38' title="bbox 416 2751 746 2798; baseline 0.003 -2"><span class='ocrx_word' id='word_1_238' title='bbox 416 2751 746 2798; x_wconf 86' lang='lat' dir='ltr'>uenerantur.</span> 
     </span>
    </p>

    <p class='ocr_par' dir='ltr' id='par_1_6' title="bbox 417 2831 2018 2983">
     <span class='ocr_line' id='line_1_39' title="bbox 487 2831 2018 2896; baseline -0.001 -16"><span class='ocrx_word' id='word_1_239' title='bbox 487 2831 665 2880; x_wconf 88' lang='lat' dir='ltr'>Huius</span> <span class='ocrx_word' id='word_1_240' title='bbox 720 2832 976 2881; x_wconf 87' lang='lat' dir='ltr'>industria</span> <span class='ocrx_word' id='word_1_241' title='bbox 1023 2833 1158 2896; x_wconf 89' lang='lat' dir='ltr'>regis</span> <span class='ocrx_word' id='word_1_242' title='bbox 1207 2831 1497 2880; x_wconf 75' lang='lat' dir='ltr'>Derorum8</span> <span class='ocrx_word' id='word_1_243' title='bbox 1548 2835 1599 2880; x_wconf 92' lang='lat' dir='ltr'>et</span> <span class='ocrx_word' id='word_1_244' title='bbox 1656 2832 2018 2880; x_wconf 83' lang='lat' dir='ltr'>Berniciorum</span> 
     </span>
     <span class='ocr_line' id='line_1_40' title="bbox 417 2913 2018 2983; baseline 0.001 -22"><span class='ocrx_word' id='word_1_245' title='bbox 417 2913 727 2976; x_wconf 86' lang='lat' dir='ltr'>prouinciae,</span> <span class='ocrx_word' id='word_1_246' title='bbox 769 2931 899 2977; x_wconf 85' lang='lat' dir='ltr'>quae</span> <span class='ocrx_word' id='word_1_247' title='bbox 935 2916 1148 2962; x_wconf 85' lang='lat' dir='ltr'>eatenus</span> <span class='ocrx_word' id='word_1_248' title='bbox 1185 2914 1248 2962; x_wconf 87' lang='lat' dir='ltr'>ab</span> <span class='ocrx_word' id='word_1_249' title='bbox 1281 2913 1511 2962; x_wconf 86' lang='lat' dir='ltr'>inuicem</span> <span class='ocrx_word' id='word_1_250' title='bbox 1550 2914 1926 2983; x_wconf 85' lang='lat' dir='ltr'>discordabant,</span> <span class='ocrx_word' id='word_1_251' title='bbox 1961 2914 2018 2962; x_wconf 91' lang='lat' dir='ltr'>in</span> 
     </span>
    </p>
   </div>
   <div class='ocr_carea' id='block_1_5' title="bbox 419 3065 2019 3239">
    <p class='ocr_par' dir='ltr' id='par_1_7' title="bbox 419 3065 2019 3239">
     <span class='ocr_line' id='line_1_41' title="bbox 475 3065 2019 3118; baseline 0.001 -14"><span class='ocrx_word' id='word_1_252' title='bbox 475 3066 486 3088; x_wconf 86' lang='lat'>¹</span> <span class='ocrx_word' id='word_1_253' title='bbox 518 3067 703 3106; x_wconf 88' lang='lat' dir='ltr'>domino</span> <span class='ocrx_word' id='word_1_254' title='bbox 725 3067 756 3106; x_wconf 82' lang='lat' dir='ltr'>O</span> <span class='ocrx_word' id='word_1_255' title='bbox 780 3081 789 3117; x_wconf 90' lang='lat'>;</span> <span class='ocrx_word' id='word_1_256' title='bbox 820 3068 930 3118; x_wconf 84' lang='lat' dir='ltr'>gode</span> <span class='ocrx_word' id='word_1_257' title='bbox 950 3067 1052 3108; x_wconf 84' lang='lat' dir='ltr'><strong>A.S.</strong></span> <span class='ocrx_word' id='word_1_258' title='bbox 1221 3065 1238 3091; x_wconf 85' lang='lat'><strong>2</strong></span> <span class='ocrx_word' id='word_1_259' title='bbox 1270 3068 1450 3117; x_wconf 82' lang='lat' dir='ltr'>iamque</span> <span class='ocrx_word' id='word_1_260' title='bbox 1471 3067 1515 3107; x_wconf 89' lang='lat' dir='ltr'>C.</span> <span class='ocrx_word' id='word_1_261' title='bbox 1691 3067 1705 3090; x_wconf 79' lang='lat'>³</span> <span class='ocrx_word' id='word_1_262' title='bbox 1736 3069 1924 3118; x_wconf 84' lang='lat' dir='ltr'>diligata</span> <span class='ocrx_word' id='word_1_263' title='bbox 1944 3067 2019 3118; x_wconf 87' lang='lat' dir='ltr'>M;</span> 
     </span>
     <span class='ocr_line' id='line_1_42' title="bbox 420 3131 2017 3184; baseline 0.002 -13"><span class='ocrx_word' id='word_1_264' title='bbox 420 3133 617 3182; x_wconf 81' lang='lat' dir='ltr'>deligata</span> <span class='ocrx_word' id='word_1_265' title='bbox 637 3133 703 3171; x_wconf 74' lang='lat'>13¹.</span> <span class='ocrx_word' id='word_1_266' title='bbox 728 3131 797 3173; x_wconf 85' lang='lat' dir='ltr'>N¹.</span> <span class='ocrx_word' id='word_1_267' title='bbox 1040 3133 1053 3154; x_wconf 72' lang='lat'>⁴</span> <span class='ocrx_word' id='word_1_268' title='bbox 1081 3134 1362 3184; x_wconf 86' lang='lat' dir='ltr'>postulantes</span> <span class='ocrx_word' id='word_1_269' title='bbox 1383 3133 1428 3172; x_wconf 84' lang='lat' dir='ltr'>C.</span> <span class='ocrx_word' id='word_1_270' title='bbox 1654 3134 1668 3156; x_wconf 87' lang='lat'>⁵</span> <span class='ocrx_word' id='word_1_271' title='bbox 1696 3137 1860 3173; x_wconf 86' lang='lat' dir='ltr'>-rascat</span> <span class='ocrx_word' id='word_1_272' title='bbox 1882 3134 1927 3174; x_wconf 87' lang='lat' dir='ltr'>C.</span> <span class='ocrx_word' id='word_1_273' title='bbox 1952 3134 2017 3174; x_wconf 76' lang='lat' dir='ltr'>B&#39;2.</span> 
     </span>
     <span class='ocr_line' id='line_1_43' title="bbox 419 3198 1684 3239; baseline 0.002 -2"><span class='ocrx_word' id='word_1_274' title='bbox 419 3198 434 3219; x_wconf 72' lang='lat'><strong>⁰</strong></span> <span class='ocrx_word' id='word_1_275' title='bbox 464 3200 513 3237; x_wconf 87' lang='lat' dir='ltr'>in</span> <span class='ocrx_word' id='word_1_276' title='bbox 534 3213 605 3238; x_wconf 79' lang='lat' dir='ltr'>om.</span> <span class='ocrx_word' id='word_1_277' title='bbox 632 3199 690 3238; x_wconf 91' lang='lat' dir='ltr'>M.</span> <span class='ocrx_word' id='word_1_278' title='bbox 716 3199 783 3238; x_wconf 88' lang='lat' dir='ltr'>N¹.</span> <span class='ocrx_word' id='word_1_279' title='bbox 901 3198 915 3220; x_wconf 83' lang='lat'>⁷</span> <span class='ocrx_word' id='word_1_280' title='bbox 944 3201 1163 3238; x_wconf 82' lang='lat' dir='ltr'>resecatae</span> <span class='ocrx_word' id='word_1_281' title='bbox 1185 3199 1230 3239; x_wconf 85' lang='lat' dir='ltr'>C.</span> <span class='ocrx_word' id='word_1_282' title='bbox 1339 3199 1353 3222; x_wconf 79' lang='lat'><strong>⁸</strong></span> <span class='ocrx_word' id='word_1_283' title='bbox 1383 3199 1612 3239; x_wconf 84' lang='lat' dir='ltr'>deirorum</span> <span class='ocrx_word' id='word_1_284' title='bbox 1632 3200 1684 3239; x_wconf 89' lang='lat' dir='ltr'>N.</span> 
     </span>
    </p>
   </div>
  </div>
 </body>
</html>
