2240 3444
382 127 501 213 134¹
837 159 1103 213 Historia
1142 159 1531 213 Ecclesicostica
1778 169 1883 221 [Lm.
1905 171 1983 211 ΙΙΙ.

383 305 515 351 esset
541 320 799 351 annorum
832 301 1133 365 LXXVH1,
1165 306 1282 366 post
1316 321 1479 352 annos
1513 303 1715 352 circiter
1748 302 1906 350 XXX
1932 303 1984 349 et

384 387 513 435 duos
529 385 559 448 2,
614 404 676 434 ex
725 404 826 449 quo
875 387 986 449 ipse
1037 387 1356 435 Brittaniam
1403 387 1795 450 praedicaturus
1836 385 1978 433 adiit.

384 470 597 517 Fecerat
622 472 814 531 autem,
845 471 1151 532 priusquam
1181 470 1504 519 Brittaniam
1534 470 1753 530 ueniret,
1784 484 1986 523 monas·

382 553 578 600 terium
621 554 798 601 nobile
845 553 902 601 in
952 553 1224 614 Hibernia,
1280 554 1417 615 quod
1467 570 1496 601 a
1545 553 1690 616 copia
1738 553 1986 600 roborum

383 637 675 685 Dearmach
696 637 711 661 3
736 636 918 699 lingua
939 637 1247 697 Scottorum,
1273 637 1371 684 hoc
1393 640 1470 685 est
1491 653 1703 699 campus
1719 635 1981 694 roborum,

385 719 798 782 cognominatur.
880 720 961 767 Ex
1000 738 1102 782 quo
1142 723 1367 783 utroque
1405 720 1721 769 monasterio
1763 717 1991 782 plurima

386 802 574 851 exinde
610 803 925 850 monasteria
955 820 1047 865 per
1083 804 1365 866 discipulos
1403 804 1514 852 eius
1551 806 1601 851 et
1634 803 1691 850 in
1729 799 1992 850 Brittania

387 889 437 935 et
484 886 541 934 in
585 881 843 934 Hibernia
893 889 1174 949 propagata
1222 890 1360 948 sunt,
1408 887 1466 935 in
1512 887 1704 950 quibus
1747 884 1993 933 omnibus

387 970 528 1018 idem
565 969 946 1017 monasterium
983 969 1305 1032 insulanum,
1337 971 1394 1018 in
1431 988 1534 1033 quo
1571 970 1681 1033 ipse
1715 966 1992 1031 requiescit

387 1070 608 1115 corpore,
640 1052 992 1114 principatum
1023 1055 1240 1102 teneret.

100 1139 308 1224 constiftu-
457 1136 666 1184 Habere
716 1137 892 1183 autem
936 1136 1066 1183 solet
1114 1136 1227 1198 ipsa
1265 1137 1440 1186 insula
1487 1139 1739 1186 rectorem
1789 1151 1994 1197 semper

98 1194 236 1276 izi-fla?
389 1220 628 1268 abbatem
662 1219 1042 1282 presbyterum,
1077 1221 1224 1268 cuius
1260 1222 1362 1269 iuri
1400 1223 1451 1269 et
1489 1221 1662 1269 omnis
1698 1218 1984 1282 prouincia,

390 1305 441 1350 et
482 1303 583 1365 ipsi
633 1302 791 1350 etiam
832 1302 1059 1365 episcopi
1102 1304 1283 1352 ordine
1329 1304 1580 1353 inusitato
1625 1303 1845 1352 debeant
1882 1318 1993 1349 esse

389 1386 622 1448 subiecti,
670 1387 815 1434 iuxta
865 1388 1168 1449 exemplum
1217 1388 1375 1450 primi
1425 1387 1649 1436 doctoris
1690 1386 1849 1447 illius,
1905 1384 1994 1448 qui

391 1488 499 1518 non
548 1471 832 1532 episcopus,
889 1471 978 1519 sed
1027 1472 1301 1534 presbyter
1350 1471 1524 1520 extitit
1574 1474 1625 1519 et
1674 1470 1994 1530 monachus3

393 1554 455 1602 de
481 1554 627 1602 cuius
652 1554 763 1602 uita
792 1556 844 1602 et
869 1554 1042 1602 uerbis
1067 1555 1323 1603 nonnulla
1348 1573 1377 1603 a
1397 1554 1666 1617 discipulis
1691 1554 1802 1602 eius
1826 1553 1996 1601 ferun-

390 1640 478 1685 tur
514 1632 704 1700 scripta
740 1633 933 1686 haberi.
1014 1638 1215 1686 Uerum
1253 1639 1649 1701 qualiscumque
1685 1637 1842 1685 fuerit
1867 1637 1991 1699 ipse,

391 1738 486 1769 nos
522 1722 619 1770 hoc
658 1722 720 1768 de
757 1720 846 1769 illo
885 1724 1085 1769 certum
1122 1724 1380 1779 tenemus,
1409 1723 1528 1785 quia
1564 1721 1776 1784 reliquit
1807 1736 2000 1768 succes-

392 1822 531 1853 sores
556 1822 747 1867 magna
772 1805 1127 1854 continentia4
1164 1823 1221 1854 ac
1252 1805 1432 1854 diuino
1462 1823 1641 1853 amore
1673 1803 1998 1867 regularique

393 1888 729 1936 institutione
776 1888 1044 1951 insignes,
1094 1889 1151 1936 in
1200 1891 1434 1951 tempore
1477 1889 1690 1952 quidem
1724 1887 1728 1947 l
1763 1904 1998 1936 summae
2027 1896 2054 1932 f.
2075 1908 2118 1943 47
2136 1895 2177 1933 a(

394 1971 696 2020 festiuitatis
746 1971 932 2019 dubios
974 1971 1192 2020 circulos
1240 1975 1529 2035 sequentes,
1578 1974 1760 2034 utpote
1809 1970 1999 2033 quibus

395 2055 552 2117 longe
598 2054 737 2102 ultra
779 2055 956 2102 orbem
998 2055 1183 2117 positis
1227 2074 1384 2104 nemo
1428 2056 1696 2119 synodalia
1743 2053 2000 2117 paschalis

397 2137 760 2186 obseruantiae
800 2138 1003 2186 decreta
1040 2142 1372 2200 porrexerat3
1409 2142 1620 2187 tantum
1659 2156 1730 2199 ea,
1775 2154 1906 2200 quae
1942 2136 2000 2184 in

397 2220 726 2285 propheticis,
771 2221 1098 2283 euangelicis,
1143 2224 1194 2270 et
1236 2223 1532 2285 apostolicis
1575 2221 1767 2270 litteris
1804 2220 2000 2268 discere

397 2305 651 2365 poterant,
693 2304 905 2366 pietatis
944 2308 994 2353 et
1035 2306 1288 2354 castitatis
1332 2323 1486 2368 opera
1518 2305 1797 2367 diligenter
1833 2303 2001 2351 obser·

399 2389 596 2436 uantes.
709 2387 1009 2436 Permansit
1069 2390 1246 2436 autem
1305 2388 1609 2436 huiusmodi
1670 2386 2001 2435 obseruantia

398 2470 654 2532 paschalis
712 2471 848 2533 apud
917 2488 1005 2519 eos
1064 2473 1302 2533 tempore
1362 2489 1469 2519 non
1529 2488 1704 2533 pauco,
1764 2471 1861 2517 hoc
1923 2472 2001 2517 est

400 2570 564 2616 usque
620 2554 684 2601 ad
745 2571 945 2602 annum
1003 2554 1291 2601 dominicae
1347 2553 1718 2602 incarnationis
1767 2552 2004 2602 DCCXV

401 2654 494 2700 per
529 2654 696 2685 annos
733 2638 831 2686 CL.

111 2732 265 2775 Egbert
279 2740 372 2764 con-
471 2721 546 2768 At
582 2723 708 2769 tunc
745 2721 990 2769 ueniente
1028 2721 1091 2769 ad
1131 2738 1216 2769 eos
1252 2720 1677 2769 reuerentissimo
1708 2723 1758 2768 et
1792 2719 2000 2768 sanctis·

110 2780 322 2866 {3322}ss
403 2804 536 2852 simo
578 2807 724 2866 patre
763 2807 814 2852 et
854 2805 1115 2853 sacerdote
1154 2805 1488 2866 Ecgberctffi,
1539 2805 1601 2851 de
1644 2804 1856 2852 natione
1896 2805 2003 2851 An·

112 2882 184 2916 the
202 2882 297 2916 ‘⁶¹'oe
403 2889 623 2951 glorum,
657 2888 746 2950 qui
770 2888 826 2936 in
853 2888 1108 2936 Hibernia
1128 2888 1326 2936 diutius
1346 2888 1643 2936 exulauerat
1662 2905 1753 2950 pro
1775 2887 1996 2949 Christo,

114 2931 160 2966 Εί
239 2942 270 2967 r.

150 2933 236 2966 aste
406 2974 616 3034 eratque
647 2974 697 3019 et
724 2972 1058 3020 doctissimus
1082 2971 1140 3019 in
1160 2970 1443 3034 scripturis,
1476 2974 1528 3019 et
1553 2971 1807 3034 longaeua
1823 2972 1839 2996 ⁶
1863 2970 2002 3018 uitae

460 3123 469 3143 ¹
505 3125 689 3163 LXXVI
711 3125 763 3163 N.
881 3123 896 3145 ²
925 3127 969 3163 et
985 3123 1096 3162 1111
1118 3125 1170 3162 N.
1267 3122 1281 3143 ³
1312 3125 1563 3174 deanmagh
1587 3124 1656 3163 N1.
1769 3123 1783 3146 4
1812 3135 2003 3174 magnae

405 3191 713 3229 continentiae
735 3191 784 3230 B.
938 3191 953 3213 ⁵
982 3191 1187 3240 egbercto
1208 3190 1247 3228 N
1269 3203 1278 3235 ;
1308 3190 1571 3240 ecgberchto
1594 3191 1639 3230 G.
1800 3188 1815 3210 ⁰
1843 3190 2003 3240 longae

406 3256 462 3295 M.
489 3256 568 3308 HI.
