2240 3444
51 814 77 850 f.
99 825 138 859 37
156 824 190 849 a.

222 179 319 217 CAP.
344 173 460 225 X11.]
721 161 912 216 Gentis
951 159 1293 228 Awylorum.
1703 157 1804 208 107

223 310 489 358 oraculum
526 307 752 368 caeleste,
796 305 931 368 quod
975 304 1052 352 illi
1094 304 1356 366 quondam
1397 301 1628 350 exulanti
1669 303 1804 364 apud

224 389 581 440 Redualdum¹
620 407 793 452 regem
830 388 1125 450 Anglorum
1167 386 1330 447 pietas
1368 384 1546 433 diuina
1582 385 1807 431 reuelare

223 474 434 536 dignata
473 476 564 534 est,
609 490 711 521 non
753 471 1037 519 minimum
1078 469 1142 516 ad
1181 467 1504 529 suscipienda
1540 465 1625 513 uel
1663 466 1809 513 intel-

223 557 440 619 legenda
466 555 727 604 doctrinae
753 553 952 601 monita
986 550 1225 599 salutaris
1251 566 1462 597 sensum
1488 548 1622 596 iuuit
1647 548 1803 596 illius.

224 639 357 688 Cum
397 655 515 700 ergo
547 638 744 686 uideret
778 635 1033 684 Paulinus
1071 632 1346 681 difficulter
1382 648 1530 694 posse
1575 630 1809 678 sublimi-

223 723 385 769 tatem
422 721 585 768 animi
620 719 805 782 regalis
845 718 907 766 ad
945 716 1301 765 humilitatem
1330 714 1444 762 uiae
1478 713 1728 774 salutaris,
1761 714 1811 760 et

223 803 608 865 suscipiendum
633 801 945 864 mysterium
970 799 1207 847 uiuificae
1233 797 1394 845 crucis
1426 796 1677 856 inclinari,
1717 793 1722 858 l
1755 812 1810 842 ac

224 903 315 948 pro
343 886 508 933 salute
532 885 674 932 illius
710 883 869 932 simul
894 885 944 930 et
977 881 1159 945 gentis,
1191 880 1272 928 cui
1297 881 1540 942 praeerat,
1572 881 1623 926 et
1653 878 1811 926 uerbo

225 967 603 1015 exhortationis
622 967 757 1028 apud
784 964 1039 1024 homines,
1065 965 1116 1011 et
1141 963 1278 1025 apud
1306 962 1541 1010 diuinam
1566 961 1813 1022 pietatem

227 1051 386 1098 uerbo
440 1048 816 1112 deprecationis
873 1049 1079 1110 ageret3
1134 1046 1362 1106 tandem,
1417 1047 1476 1091 ut
1530 1043 1815 1091 uerisimile

226 1133 447 1192 uidetur,
502 1131 681 1180 didicit
728 1131 784 1178 in
833 1129 1033 1192 spiritu,
1094 1127 1264 1191 quod2
1324 1128 1410 1175 uel
1471 1127 1621 1189 quale
1680 1128 1814 1173 esset

226 1216 496 1264 oraculum
562 1214 670 1277 regi
731 1214 994 1276 quondam
1054 1211 1270 1260 caelitus
1329 1212 1610 1258 ostensum.
1710 1208 1814 1256 Nec

227 1299 413 1347 exinde
457 1297 676 1358 distulit,
721 1296 848 1359 quin
882 1294 1130 1343 continuo
1166 1309 1341 1356 regem
1378 1293 1700 1340 ammoneret
1738 1308 1817 1339 ex-

229 1382 370 1444 plere
395 1383 592 1441 uotum,
625 1380 760 1442 quod
786 1379 843 1427 in
868 1378 1073 1426 oraculo
1094 1377 1193 1425 sibi
1218 1376 1450 1423 exhibito
1478 1392 1531 1423 se
1556 1376 1815 1423 facturum

227 1464 542 1526 promiserat,
574 1463 618 1511 si
635 1461 886 1524 temporis
910 1460 1052 1508 illius
1078 1459 1311 1508 erumnis
1327 1460 1565 1506 exemtus
1590 1459 1652 1506 ad
1672 1457 1818 1521 regni

228 1547 431 1610 fastigia
455 1546 763 1609 perueniret.

297 1631 421 1678 Erat
447 1632 622 1677 autem
648 1628 912 1676 oraculum
937 1625 1250 1675 huiusmodi.
1311 1625 1443 1673 Cum
1477 1625 1817 1687 persequente

229 1713 383 1761 illum
408 1712 698 1760 Aedilfrido
716 1711 744 1772 3,
777 1711 864 1774 qui
884 1712 1003 1758 ante
1029 1727 1150 1757 eum
1179 1708 1430 1771 regnauit,
1462 1708 1585 1769 per‘*
1615 1707 1817 1755 diuersa

231 1796 463 1844 occultus
496 1795 605 1842 loca
641 1794 726 1842 uel
763 1810 920 1856 regna
951 1793 1119 1840 multo
1153 1808 1413 1840 annorum
1445 1793 1678 1853 tempore
1710 1807 1819 1852 pro-

230 1879 387 1941 fugus
435 1880 719 1940 uagaretur,
768 1877 981 1925 tandem
1029 1875 1176 1923 uenit
1223 1875 1287 1923 ad
1337 1874 1703 1922 Redualdum⁵
1740 1873 1821 1921 ob·

231 1978 449 2022 secrans,
498 1962 556 2007 ut
598 1959 762 2008 uitam
810 1976 958 2007 suam
997 1975 1026 2006 a
1062 1957 1199 2006 tanti
1240 1957 1580 2020 persecutoris
1616 1956 1821 2004 insidiis

230 2044 448 2092 tutando
474 2044 703 2091 seruaret
723 2060 734 2102 3
774 2042 864 2105 qui
889 2041 1111 2089 libenter
1137 2057 1257 2089 eum
1277 2039 1552 2102 excipiens,
1583 2039 1821 2101 promisit

233 2144 299 2188 se,
367 2143 496 2188 quae
555 2126 838 2188 petebatur,
893 2141 1004 2173 esse
1061 2124 1335 2172 facturum.
1413 2123 1486 2171 At
1545 2125 1822 2185 postquam

233 2209 493 2259 Aedilfrid
533 2208 588 2256 in
628 2208 722 2256 hac
764 2224 885 2255 eum
923 2207 1189 2269 prouincia
1235 2206 1542 2269 apparuisse,
1588 2207 1639 2253 et
1685 2205 1821 2267 apud

235 2310 411 2355 regem
436 2292 580 2339 illius
604 2290 932 2338 familiariter
965 2307 1083 2337 cum
1109 2289 1258 2338 sociis
1289 2289 1525 2337 habitare
1558 2287 1815 2351 cognouit,

232 2374 376 2422 misit
424 2374 650 2433 nuntios,
696 2373 786 2436 qui
833 2373 1098 2421 Redualdo
1136 2371 1411 2435 pecuniam
1458 2371 1683 2419 multam
1730 2387 1823 2432 pro

234 2473 358 2504 nece
399 2457 510 2504 eius
559 2457 870 2516 offerrent03
926 2472 1094 2518 neque
1136 2454 1332 2517 aliquid
1372 2453 1603 2517 profecit.
1680 2453 1823 2501 Misit

235 2541 475 2601 secundo,
542 2539 687 2587 misit
745 2539 911 2600 tertio,
977 2541 1029 2586 et
1089 2537 1370 2600 copiosiora
1428 2537 1631 2600 argenti
1691 2537 1825 2584 dona

236 2619 469 2679 offerens,
525 2621 576 2667 et
636 2619 833 2666 bellum
881 2618 1094 2679 insuper
1139 2617 1230 2678 illi,
1285 2616 1330 2664 si
1386 2617 1817 2674 contemneretur,

236 2702 483 2751 indicens.
562 2702 663 2762 Qui
701 2701 785 2749 uel
833 2701 993 2748 minis
1028 2701 1233 2762 fractus,
1276 2699 1363 2747 uel
1406 2701 1675 2761 corruptus
1717 2714 1825 2745 mu-

238 2784 462 2845 neribus,
510 2784 661 2832 cessit
700 2783 1008 2846 deprecanti,
1057 2785 1108 2830 et
1150 2782 1261 2830 siue
1300 2781 1525 2829 occidere
1563 2797 1616 2828 se
1658 2780 1826 2828 Aedu-

238 2867 387 2914 inum
404 2867 432 2927 ⁷,
494 2884 586 2914 seu
644 2866 902 2930 legatariis
961 2866 1161 2914 tradere
1207 2864 1463 2927 promisit.
1541 2863 1687 2923 Quod
1735 2862 1826 2910 ubi

294 3016 306 3039 ²
337 3017 629 3070 redunaldum
645 3017 690 3056 C.
895 3015 909 3037 ²
938 3018 989 3055 ut
1007 3017 1126 3066 quod
1146 3016 1203 3054 M.
1405 3013 1420 3035 ³
1449 3013 1579 3052 aeoil-
1603 3012 1661 3062 C„
1686 3016 1767 3051 and
1787 3027 1826 3052 so

240 3087 465 3130 throuqhout
483 3087 540 3121 the
557 3086 720 3129 chapter.
939 3082 953 3105 4
984 3095 1085 3121 eum
1105 3094 1183 3131 per
1203 3080 1261 3120 M.
1475 3078 1490 3100 5
1520 3078 1756 3117 redunald·
1777 3079 1822 3128 C,

241 3153 322 3187 and
342 3162 380 3187 so
402 3151 625 3196 throuyhout
646 3151 702 3186 the
722 3151 884 3194 chapter.
1059 3148 1074 3171 ⁶
1103 3147 1289 3186 offerent
1310 3145 1370 3184 M.
1534 3142 1549 3164 ⁷
1580 3144 1736 3182 eduin·
1758 3144 1794 3183 B
1817 3157 1825 3193 ;

240 3214 425 3252 eduuin-
449 3213 494 3252 C.

1836 316 1881 350 of
1896 316 2053 353 Edwilx,

1838 365 1991 407 during
2012 365 2074 398 his

1838 415 1943 449 exile
1962 414 2004 448 in

1840 465 1936 498 East

1840 513 2002 557 Anglia.
