2240 3444
89 525 207 567 Eata,
223 522 347 557 abbot

87 574 133 609 of
146 573 307 608 Lindis-

88 625 219 659 farne.

96 1781 323 1817 Character

95 1831 141 1866 of
156 1831 329 1867 Colman

96 1882 181 1916 and
193 1881 258 1915 his
268 1892 357 1925 pre-

96 1933 312 1968 decessors.

381 118 485 167 190
828 111 1095 165 Historia
1133 107 1523 164 Ecclesia-stica-
1769 111 1879 165 [Lm.
1904 113 1978 152 ΠΙ.

376 279 574 325 regens.
678 261 910 310 Uenerat
957 261 1134 308 autem
1179 259 1242 306 de
1290 256 1499 317 Scottia,
1552 255 1767 303 tenente
1813 251 1982 300 adhuc

378 346 745 409 pontificatum
779 344 1046 404 Colmano,
1077 345 1128 391 et
1166 342 1441 404 diligenter
1475 356 1545 400 ea,
1578 355 1707 401 quae
1732 337 1797 385 ad
1822 336 1983 384 fidem

378 448 435 479 ac
476 430 749 479 ueritatem
790 429 1068 491 pertinent,
1109 428 1160 475 et
1201 425 1360 474 uerbo
1404 425 1617 471 cunctos
1660 420 1887 480 docebat,
1933 420 1984 466 et

379 532 544 576 opere.
623 513 787 561 Porro
813 512 1074 571 fratribus,
1108 510 1197 572 qui
1222 510 1276 557 in
1302 504 1720 556 Lindisfarnensi
1756 502 1983 556 ecclesia,

379 598 568 647 Scottis
605 595 930 655 abeuntibus,
968 610 1240 642 remanere
1281 591 1595 651 maluerunt,
1631 584 1985 651 praepositusl

380 684 457 730 est
484 680 687 729 abbatis
711 680 821 727 iure
853 679 934 727 uir
958 676 1412 726 reuerentissimus
1449 690 1505 721 ac
1531 670 1987 721 mansuetissimus

380 765 524 825 Eata,
578 764 669 826 qui
726 765 837 811 erat
885 761 1041 810 abbas
1090 761 1145 808 in
1192 758 1523 817 monasterio,
1579 755 1717 819 quod
1767 754 1988 802 dicitur‘2

382 848 630 908 Mailros3
669 846 806 910 quod
851 846 999 893 aiunt
1040 844 1356 893 Colmanum
1399 842 1663 890 abiturum
1705 839 1897 902 petisse
1937 839 1988 886 et

379 932 666 995 inpetrasse
691 947 720 978 a
744 947 863 993 rege
888 928 1051 977 Osuiu
1069 927 1098 988 3,
1122 944 1181 975 eo
1209 926 1345 989 quod
1372 927 1507 973 esset
1532 924 1671 972 idem
1697 924 1827 971 Eata
1851 938 1990 970 unus

382 1016 446 1064 de
495 1015 608 1063 XII
668 1013 842 1076 pueris
890 1011 1097 1073 Aidani,
1152 1026 1281 1073 quos
1320 1009 1489 1072 primo
1539 1008 1861 1070 episcopatus
1910 1005 1991 1053 sui

379 1102 613 1161 tempore
651 1098 713 1145 de
752 1096 964 1144 natione
1002 1094 1300 1156 Anglorum
1338 1092 1648 1141 erudiendos
1686 1091 1742 1138 in
1783 1090 1990 1139 Christo

383 1182 592 1245 accepit.
670 1181 903 1229 Multum
946 1195 1177 1240 namque
1231 1177 1460 1225 eundem
1520 1175 1822 1238 episcopum
1882 1173 1991 1222 Col-

383 1282 603 1314 manum
646 1281 738 1312 rex
777 1280 870 1326 pro
909 1262 1070 1311 insita
1095 1261 1177 1309 illi
1211 1259 1489 1323 prudentia
1529 1258 1791 1321 diligebat.
1870 1256 1991 1318 Ipse

386 1352 464 1398 est
502 1350 643 1410 Eata,
676 1348 766 1411 qui
804 1364 910 1395 non
945 1346 1116 1394 multo
1153 1347 1271 1407 post
1310 1343 1481 1391 eidem
1518 1341 1761 1390 ecclesiae
1791 1341 1993 1390 Lindis-

383 1432 615 1481 farnensi
633 1429 650 1456 4
675 1434 946 1494 episcopus
975 1430 1141 1478 factus
1174 1430 1266 1477 est.
1346 1427 1548 1476 Abiens
1573 1428 1749 1474 autem
1775 1426 1993 1474 domum

385 1517 605 1566 Colman
630 1515 888 1564 adsumsit
908 1531 1085 1562 secum
1111 1515 1314 1576 partem
1343 1528 1558 1559 ossuum
1584 1509 1995 1558 reuerentissimi

386 1601 551 1664 patris
584 1599 819 1660 Aidani3
856 1600 1060 1662 partem
1100 1613 1225 1645 uero
1263 1596 1320 1643 in
1360 1594 1584 1654 ecclesia,
1617 1593 1701 1642 cui
1739 1596 1987 1656 praeerat,

387 1684 609 1747 reliquit,
642 1685 693 1732 et
718 1683 774 1731 in
802 1682 1072 1731 secretario
1099 1681 1211 1729 eius
1236 1679 1388 1728 condi
1414 1678 1690 1741 praecepit.

457 1769 693 1829 Quantae
712 1770 889 1815 autem
914 1764 1275 1829 parsimoniae,
1298 1763 1444 1811 cuius
1464 1762 1818 1811 continentiae
1836 1761 1994 1810 fuerit

386 1852 497 1915 ipse
530 1869 651 1900 cum
688 1850 1144 1914 prodecessoribus
1181 1848 1302 1909 suiS,
1335 1846 1620 1895 testabatur
1656 1847 1816 1896 etiam
1852 1847 1997 1894 locus

388 1936 488 1998 ille,
515 1952 672 1999 quem
692 1935 954 1998 regebant,
976 1933 1064 1981 ubi
1085 1932 1404 1981 abeuntihus
1423 1931 1509 1993 eis,
1536 1933 1749 1993 excepta
1765 1929 1990 1989 ecclesia,

387 2019 729 2082 paucissimae
762 2018 949 2066 domus
981 2019 1214 2079 repertae
1244 2017 1381 2076 sunt,
1413 2016 1511 2063 hoc
1544 2017 1621 2062 est
1655 2015 1773 2063 illae
1810 2014 1998 2062 solum·

390 2104 558 2164 modo,
602 2102 715 2150 sine
755 2101 944 2164 quibus
978 2100 1302 2148 conuersatio
1341 2098 1508 2146 ciuilis
1546 2115 1657 2146 esse
1694 2098 1998 2146 nulla-tenus

391 2188 606 2249 poterat.
685 2185 776 2233 Nil
803 2184 1144 2247 pecuniarum
1178 2183 1371 2245 absque
1408 2182 1678 2244 pecoribus
1715 2181 1995 2229 habebant.

394 2271 579 2334 Siquid
629 2270 773 2317 enim
816 2268 1068 2331 pecuniae
1117 2284 1146 2314 a
1194 2266 1450 2315 diuitibus
1497 2265 1829 2328 accipiebant,
1874 2282 1997 2313 mox

390 2354 707 2418 pauperibus
756 2352 962 2400 dabant.
1063 2351 1199 2398 Nam
1260 2366 1429 2412 neque
1490 2349 1553 2397 ad
1615 2348 1999 2412 susceptionem

392 2437 695 2501 potentium
747 2435 952 2494 saeculi,
999 2434 1085 2482 uel
1133 2432 1380 2496 pecunias
1428 2432 1618 2495 colligi,
1673 2431 1760 2480 uel
1811 2432 2000 2480 domus

393 2520 684 2584 praeuideri
721 2535 929 2567 necesse
965 2517 1079 2578 fuit,
1126 2516 1253 2580 qui⁵
1295 2533 1585 2578 numquam
1624 2516 1688 2563 ad
1730 2515 1999 2564 ecclesiam

394 2604 499 2654 nisi
548 2603 794 2652 orationis
842 2603 1053 2650 tantum
1113 2603 1164 2648 et
1217 2599 1463 2648 audiendi
1508 2600 1655 2648 uerbi
1704 2600 1801 2647 Dei
1850 2616 2000 2648 causa

398 2688 692 2737 ueniebant.
771 2686 883 2734 Rex
907 2686 1032 2747 ipse,
1058 2701 1177 2732 cum
1204 2682 1529 2746 oportunitas
1554 2684 1807 2745 exegisset
1823 2684 1852 2745 ⁶,
1879 2700 1999 2732 cum

397 2772 445 2819 V
477 2774 687 2820 tantum
726 2772 816 2819 aut
857 2769 938 2818 V1
977 2767 1234 2816 ministris
1276 2766 1520 2815 ueniebat
1536 2766 1567 2827 ⁷,
1605 2769 1657 2814 et
1698 2767 1906 2830 expleta
1943 2767 2000 2816 in

398 2855 609 2904 ecclesia
659 2854 890 2902 oratione
939 2851 1244 2902 discedebat.
1284 2847 1289 2916 Ι
1323 2850 1470 2911 Quod
1521 2850 1565 2898 si
1611 2850 1744 2897 forte
1793 2867 1881 2899 eos
1928 2851 2001 2900 ibi

454 3009 466 3029 ¹
497 3012 750 3061 propositus
771 3010 826 3049 N.
939 3009 954 3031 2
984 3009 1171 3046 uocatur
1193 3007 1242 3046 C.
1256 3005 1393 3054 N.W,
1417 3008 1569 3053 illeyzssblc
1592 3009 1634 3043 in
1654 3005 1707 3045 B.
1835 3005 1849 3025 ³
1879 3006 1999 3045 osuio

401 3075 448 3114 C.
470 3075 525 3113 N.
547 3074 615 3113 B2.
812 3071 826 3093 4
859 3072 1076 3111 ·fernensi
1098 3071 1153 3110 N.
1347 3070 1362 3093 ⁵
1393 3070 1500 3118 quia
1520 3069 1579 3108 M.
1602 3068 1665 3109 Οἳ.
1865 3070 1880 3092 ‘⁵
1908 3070 1997 3108 exi-

401 3141 534 3191 gissct
557 3140 615 3180 M.
851 3135 866 3159 ⁷
895 3150 973 3177 rex
997 3168 1005 3177 .
1030 3167 1039 3176 .
1064 3168 1072 3176 .
1093 3136 1305 3175 ueniebat
1325 3149 1398 3174 om.
1422 3136 1471 3184 B,
1487 3139 1659 3183 perhaps
1678 3139 1802 3174 added
1822 3149 1871 3174 οη
1892 3139 1999 3174 lower

403 3210 573 3257 warysn,
601 3209 722 3245 which
742 3209 776 3244 is
795 3218 879 3245 now
899 3208 980 3244 lost.
1039 3207 1151 3242 There
1170 3206 1205 3241 is
1225 3216 1249 3241 α
1270 3206 1383 3241 mark
1404 3205 1448 3249 of
1459 3205 1639 3250 reference
1659 3206 1703 3241 in
1725 3206 1782 3241 the
1804 3206 1889 3241 text.

2030 2862 2056 2897 f.
2079 2862 2122 2906 67
2139 2872 2176 2898 a.
