2240 3444
84 1189 170 1223 Her
187 1188 286 1231 long

84 1239 228 1273 illness
247 1238 331 1273 and

85 1289 223 1324 death.

369 113 476 164 256
827 104 1092 158 Historia
1130 99 1520 155 Ecclesiccstc'ca
1767 102 1877 155 [Lm.
1903 105 1973 144 IV.

369 253 519 317 quasi
578 251 752 301 subito
807 251 1074 298 sublatum
1129 263 1249 295 eum
1305 245 1587 307 quaesierit
1647 257 1768 289 cum
1829 238 1976 288 omni

371 339 656 402 diligentia,
694 338 1010 399 nullumque
1049 335 1160 383 eius
1197 334 1404 397 uspiam
1441 323 1762 393 uestigium¹
1801 343 1977 389 appar-

370 423 518 471 uerit.
617 423 819 470 Uerum
879 437 1001 468 cum
1061 418 1405 467 solertissime
1464 416 1620 464 illum
1680 409 1970 474 quaesierit,

370 503 636 565 extemplo
670 519 724 550 se
755 500 1016 564 repperire
1049 500 1145 548 sub
1180 502 1328 547 ueste
1365 514 1458 546 sua
1490 494 1688 543 monile
1718 489 1975 555 pretiosis-

371 586 568 634 simum
591 605 600 647 3
641 585 793 648 quod,
819 585 947 632 dum
966 583 1221 631 attentius
1240 581 1604 640 consideraret,
1622 576 1762 626 tanti
1775 576 1978 637 fulgore

372 669 592 717 luminis
651 668 908 731 refulgere
969 668 1259 726 uidebatur,
1326 668 1386 713 ut
1441 680 1625 712 omnes
1687 659 1979 709 Brittaniae

373 753 505 801 fines
538 754 682 800 illius
718 753 880 815 gratia
905 751 1199 813 splendoris
1224 750 1463 812 inpleret.
1544 747 1691 808 Quod
1725 743 1978 791 nimirum

374 836 641 884 somnium
690 835 941 884 ueraciter
988 835 1043 882 in
1093 834 1202 882 filia
1250 834 1373 893 eius,
1430 833 1493 880 de
1542 847 1645 893 qua
1693 827 1974 890 loquimur,

374 921 642 983 expletum
682 923 794 980 est3
829 917 833 981 1
869 919 1015 966 cuius
1052 919 1164 965 uita
1206 934 1314 965 non
1358 916 1457 964 sibi
1495 913 1840 970 solummodo,
1890 913 1980 960 sed

376 1004 558 1051 multis
593 1004 726 1051 bene
765 1003 944 1050 uiuere
981 1002 1285 1049 uolentibus
1322 999 1564 1061 exempla
1596 1014 1816 1060 operum
1849 996 1982 1044 lucis

374 1087 626 1150 praebuit.

447 1171 649 1219 Uerum
709 1170 802 1218 illa
854 1187 975 1217 cum
1030 1169 1216 1217 multis
1271 1168 1426 1216 annis
1478 1167 1603 1215 huic
1663 1166 1982 1213 monasterio

376 1257 653 1316 praeesset,
685 1253 884 1316 placuit
910 1253 995 1315 pio
1015 1252 1275 1314 prouisori
1302 1252 1487 1300 salutis
1513 1253 1722 1298 nostrae
1747 1251 1981 1296 sanctam

377 1338 489 1385 eius
514 1338 747 1385 animam
773 1337 929 1399 longa
955 1337 1115 1384 etiam
1142 1336 1451 1384 infirmitate
1482 1335 1651 1383 carnis
1677 1333 1978 1392 examinari,

378 1424 450 1481 ut,
482 1421 628 1469 iuxta
654 1421 957 1482 exemplum
984 1420 1218 1482 apostoli,
1249 1420 1419 1467 uirtus
1450 1417 1562 1467 eius
1588 1419 1644 1467 in
1674 1418 1985 1466 infirmitate

378 1504 730 1566 perficeretur.
819 1505 1073 1552 Percussa
1122 1504 1321 1551 etenim
1370 1503 1605 1552 febribus
1658 1502 1763 1551 acri
1817 1501 1988 1564 coepit

378 1588 559 1636 ardore
601 1587 811 1651 fatigari
829 1587 860 1648 2,
906 1589 957 1635 et
999 1604 1092 1650 per
1130 1605 1219 1635 sex
1270 1588 1550 1636 continuos
1598 1603 1763 1636 annos
1807 1587 1986 1634 eadem

379 1668 622 1715 molestia
652 1668 884 1715 laborare
918 1685 1025 1716 non
1061 1668 1325 1729 cessabat3
1363 1668 1421 1716 in
1457 1686 1558 1731 quo
1584 1668 1727 1716 toto3
1751 1669 1987 1729 tempore

380 1769 672 1813 numquam
716 1752 827 1814 ipsa
875 1751 963 1799 uel
1005 1751 1263 1799 conditori
1313 1769 1407 1799 suo
1455 1752 1648 1815 gratias
1696 1768 1859 1816 agere,
1903 1750 1984 1797 uel

381 1835 724 1884 commissum
759 1835 859 1883 sibi
892 1853 1103 1899 gregem
1132 1839 1184 1884 et
1212 1836 1420 1897 puplice
1446 1839 1498 1885 et
1529 1837 1778 1899 priuatim
1809 1837 1987 1884 docere

383 1919 852 1982 praetermittebat.
932 1919 1067 1967 Nam
1093 1937 1188 1967 suo
1219 1921 1495 1982 praedocta
1526 1922 1778 1984 exemplo,
1810 1937 1986 1968 mone-

381 2004 471 2051 bat
514 2004 732 2051 omnes4
778 2005 830 2051 et
873 2003 929 2050 in
979 2004 1149 2051 salute
1198 2006 1406 2066 accepta
1455 2005 1683 2067 corporis
1727 2003 1991 2052 Domino⁵

385 2088 807 2149 obtemperanter
838 2087 1193 2146 seruiendum,
1227 2090 1278 2136 et
1312 2088 1369 2134 in
1401 2088 1634 2136 aduersis
1670 2105 1848 2136 rerum
1880 2087 1992 2136 siue

383 2170 783 2218 infirmitatibus
854 2171 1220 2219 membrorum
1291 2171 1517 2220 fideliter
1583 2173 1812 2220 Domino
1881 2189 1992 2220 esse

387 2254 577 2316 gratias
605 2270 812 2315 semper
831 2255 846 2278 ⁰
871 2255 1110 2316 agendas.
1188 2255 1327 2303 VII0
1361 2271 1483 2318 ergo
1515 2272 1637 2303 suae
1666 2255 1993 2304 infirmitatis

385 2355 538 2398 anno,
573 2354 825 2385 conuerso
860 2338 920 2385 ad
958 2337 1223 2387 interanea
1258 2339 1450 2399 dolore,
1482 2340 1546 2387 ad
1579 2340 1720 2387 diem
1749 2339 1992 2402 peruenit

388 2422 655 2482 ultimum,
689 2424 740 2468 et
778 2421 910 2468 circa
935 2421 1061 2483 galli
1087 2424 1316 2484 cantum,
1346 2425 1590 2485 percepto
1617 2423 1808 2471 uiatico
1835 2440 1994 2472 sacro-

388 2508 596 2553 sanctae
623 2505 1024 2566 communionis,
1056 2522 1175 2553 cum
1209 2506 1471 2553 arcessitis
1491 2507 1506 2532 7
1537 2507 1752 2554 ancellis
1777 2507 1987 2567 Christi,

386 2605 517 2651 quae
566 2591 711 2636 erant
760 2588 816 2635 in
867 2588 1049 2635 eodem
1097 2589 1428 2651 monasterio,
1484 2591 1548 2638 de
1602 2592 1859 2639 seruanda
1909 2607 1994 2638 eas

390 2671 636 2731 inuicem⁷
668 2672 834 2720 immo
869 2689 991 2719 cum
1023 2663 1272 2720 omnibus
1305 2690 1428 2736 pace
1460 2675 1760 2738 euangelica
1793 2692 1993 2723 ammo-

388 2760 575 2816 neret3
613 2756 753 2803 inter
788 2755 949 2803 uerba
985 2756 1362 2804 exhortationis
1400 2757 1535 2806 laeta
1571 2761 1800 2807 mortem
1838 2759 1987 2820 uidit,

386 2839 566 2900 immo,
614 2841 674 2887 ut-
718 2839 892 2886 uerbis
926 2839 1143 2887 Domini
1186 2840 1381 2903 loquar,
1432 2842 1495 2889 de
1535 2846 1705 2891 morte
1746 2842 1992 2892 transiuit

385 2922 450 2970 ad
475 2922 657 2972 uitam.

445 3054 458 3076 ¹
487 3055 623 3105 -giam
646 3056 705 3095 M.
887 3054 902 3076 ²
932 3070 997 3095 —re
1019 3058 1094 3097 Μ’.
1279 3058 1294 3080 3
1325 3061 1420 3098 toto
1441 3073 1516 3099 om.
1539 3060 1614 3100 Μ’.
1797 3060 1811 3081 ⁴
1841 3072 1996 3099 omnes

387 3134 464 3160 om.
487 3121 565 3161 M¹.
757 3122 772 3145 ⁵
802 3123 986 3162 domino
1007 3138 1083 3164 om.
1107 3123 1183 3163 M¹.
1371 3126 1386 3149 ⁰
1415 3139 1599 3177 semper,
1624 3131 1750 3166 added
1769 3140 1818 3166 οη
1838 3130 1997 3175 Ματρίή

390 3188 450 3227 M.
576 3187 589 3209 ⁷
619 3190 848 3228 accersitis
869 3190 915 3230 O.
938 3191 1006 3230 NJ.

2012 923 2039 959 f.
2063 937 2112 971 90
2129 936 2163 958 a.

2017 1422 2067 1458 cf.
2090 1435 2108 1457 2
2129 1423 2216 1458 Cor.

2016 1484 2086 1509 ΧΠ.
2109 1486 2142 1520 9.

2021 2856 2109 2892 1011.
2129 2867 2165 2892 v.
2181 2865 2222 2900 24
