2240 3444
95 2540 267 2575 Council
284 2540 329 2575 of

95 2591 290 2635 Hatfield,

95 2642 202 2685 Sept.
228 2653 239 2675 1
247 2653 276 2687 7,

93 2693 173 2726 680.

385 112 493 162 238
862 110 1123 165 Historia
1161 112 1554 166 Ecclesiastica
1795 119 1902 172 [Lm.
1919 124 1991 166 IV.

385 257 551 307 Uecta
572 277 583 320 ;
621 258 1013 322 postulauitque
1039 259 1103 308 ab
1129 276 1204 321 eo,
1234 261 1307 320 ut,
1339 258 1383 307 si
1408 275 1619 307 necesse
1645 259 1779 306 esset
1804 274 1995 320 pueros

385 342 608 390 interfici
628 345 653 400 ¹,
678 342 823 405 prius
849 360 935 392 eos
955 343 1132 391 liceret
1157 343 1281 391 fidei
1301 342 1628 391 Christianae
1653 341 1995 389 sacramentis

385 424 549 475 inbui.
629 427 899 475 Concessit
942 444 1044 488 rex,
1089 429 1141 475 et
1188 426 1300 488 ipse
1347 426 1633 473 instructos
1672 422 1790 472 eos2
1833 424 1994 472 uerbo

386 509 635 563 ueritatis,
663 527 719 558 ac
744 510 890 558 fonte
910 509 1197 558 Saluatoris
1221 509 1467 569 ablutos3,
1490 508 1553 556 de
1579 508 1818 570 ingressu
1844 507 1994 570 regni

385 593 583 640 aeterni
610 596 776 641 certos
800 593 1040 641 reddidit.
1118 593 1344 655 Moxque
1372 592 1451 639 illi
1486 592 1717 639 instante
1754 590 1995 639 carnifice

386 679 614 724 mortem
656 677 783 725 laeti
825 676 1031 725 subiere
1078 676 1440 738 temporalem,
1485 692 1578 737 per
1629 691 1787 737 quam
1835 691 1889 722 se
1931 673 1994 722 ad

384 760 552 809 uitam
589 760 795 808 animae
832 762 1138 822 perpetuam
1175 776 1284 807 non
1321 759 1630 807 dubitabant
1666 775 1776 806 esse
1812 758 1995 808 transi-

386 847 546 894 turos.
626 846 742 894 Hoc
786 862 907 908 ergo
951 844 1147 904 ordine,
1192 846 1471 906 postquam
1521 859 1704 890 omnes
1746 842 1996 890 Brittan-i—

386 944 537 976 arum
578 929 875 991 prouinciae
913 928 1073 977 fidem
1113 925 1311 976 Christi
1346 928 1681 988 susceperant
1697 925 1728 987 4,
1768 925 1996 988 suscepit

387 1014 438 1060 et
463 1012 636 1061 insula
661 1013 838 1074 Uecta,
863 1012 920 1060 in
947 1029 1106 1074 quam
1130 1013 1310 1060 tamen
1331 1011 1395 1059 ob
1413 1011 1428 1035 5
1449 1027 1725 1058 erumnam
1752 1012 1995 1057 externae

387 1096 725 1144 subiectionis
772 1113 929 1144 nemo
979 1097 1200 1159 gradum
1250 1095 1533 1143 ministerii
1589 1111 1652 1145 ,ac
1702 1093 1839 1142 sedis
1888 1092 1994 1155 epi-

386 1179 606 1242 scopalis
665 1181 789 1227 ante
849 1179 1177 1236 Danihelem,
1230 1179 1319 1241 qui
1379 1195 1521 1226 nunc
1577 1177 1996 1226 Occidentalium

388 1263 655 1311 Saxonum
681 1265 759 1311 est
788 1262 1073 1325 episcopus,
1106 1262 1316 1324 accepit.
1629 1270 1631 1272 ’

455 1346 565 1394 Sita
603 1348 679 1394 est
716 1348 892 1394 autem
928 1346 1054 1394 haec
1090 1345 1264 1393 insula
1301 1347 1482 1393 contra
1514 1344 1750 1393 medium
1783 1345 1997 1392 Austra-

386 1430 519 1478 lium
552 1430 820 1479 Saxonum
858 1431 910 1477 et
947 1429 1303 1490 Geuissorum,
1334 1429 1644 1491 interposito
1673 1428 1855 1491 pelago
1886 1427 1996 1476 lati-

384 1497 585 1562 tudinis
611 1513 774 1561 trium
804 1513 1029 1574 milium,
1067 1513 1206 1575 quod
1237 1515 1454 1560 uocatur
1485 1512 1733 1561 Soluente
1758 1530 1769 1572 3
1809 1511 1866 1558 in
1894 1528 1996 1574 quo

385 1597 630 1645 uidelicet
659 1597 842 1659 pelago
873 1596 986 1644 bini
1017 1599 1191 1644 aestus
1221 1595 1410 1655 oceani,
1454 1595 1546 1658 qui
1579 1596 1775 1643 circum
1814 1594 1997 1643 Britta-

386 1681 530 1728 niam
556 1698 619 1728 ex
643 1680 855 1728 infinito
892 1696 1080 1727 oceano
1115 1679 1513 1742 septentrionali
1548 1681 1846 1741 erumpunt,
1879 1677 1996 1726 sibi-

387 1767 498 1813 met
551 1764 779 1812 inuicem
824 1752 1019 1811 'cotidie
1069 1765 1463 1826 conpugnantes
1520 1765 1801 1811 occurrunt
1857 1763 1996 1810 ultra

387 1848 581 1896 ostium
615 1846 854 1895 fluminis
888 1847 1159 1908 Homelea,
1199 1847 1337 1909 quod
1371 1863 1463 1909 per
1495 1848 1657 1894 terras
1692 1847 1938 1894 Iutorum
1958 1847 1988 1907 ⁶,

384 1948 516 1993 quae
564 1932 627 1979 ad
671 1931 938 1994 regionem
984 1930 1326 1979 Geuissorum
1368 1930 1649 1993 pertinent,
1698 1930 1993 1993 praefatum

382 2014 599 2077 pelagus
623 2014 819 2075 intrat3
857 2013 1113 2076 finitoque
1147 2013 1392 2062 conflictu
1430 2013 1486 2061 in
1523 2031 1776 2062 oceanum
1812 2013 1988 2075 refusi,

383 2098 524 2146 unde
549 2099 817 2159 uenerant,
848 2098 1082 2146 redeunt.

905 2252 1059 2301 CAP.
1103 2251 1205 2300 xv
1243 2248 1465 2317 [XVH]

477 2368 531 2403 De
552 2368 694 2411 synodo
707 2362 722 2385 ⁷
731 2365 844 2411 facta
863 2367 908 2401 in
928 2376 1062 2410 campo
1082 2365 1299 2410 Hoeflffelda
1315 2361 1342 2410 8,
1356 2366 1599 2411 praesidente
1618 2367 1896 2412 archiepiscopo

1093 2432 1289 2468 Theodoro.

454 2529 561 2578 H1s
596 2528 922 2592 temporibus
957 2528 1175 2576 audiens
1212 2528 1515 2577 Theodorus
1550 2529 1712 2577 fidem
1751 2531 1993 2579 ecclesiae

385 2612 844 2675 Constantinopoli
880 2629 973 2675 per
1004 2611 1232 2659 heresim
1270 2612 1581 2675 Eutychetis
1618 2615 1851 2663 multum
1882 2631 1992 2663 esse

384 2697 663 2757 turbatam,
708 2698 759 2744 et
796 2694 1035 2743 ecclesias
1070 2695 1389 2757 Anglorum,
1416 2696 1606 2758 quibus
1642 2700 1888 2759 praeerat,
1926 2698 1990 2747 ab

385 2779 689 2828 huiusmodi
713 2779 830 2827 labe
857 2778 1102 2826 inmunes
1126 2779 1406 2841 perdurare
1431 2779 1742 2842 desiderans,
1775 2782 1990 2830 collecto

383 2861 767 2910 uenerabilium
811 2861 1136 2910 sacerdotum
1185 2861 1559 2925 doctorumque
1575 2865 1590 2887 ⁹
1637 2864 1989 2925 plurimorum

384 2948 546 3006 coetu,
596 2945 745 2994 cuius
787 2946 962 2993 essent
1004 2944 1128 2992 fidei
1170 2944 1377 3007 singuli,
1421 2946 1633 2995 sedulus
1672 2947 1982 3010 inquirebat,

442 3055 453 3076 ¹
483 3055 586 3093 -feci
607 3055 667 3095 M.
782 3053 797 3075 2
825 3067 899 3094 eos
921 3068 996 3094 om.
1018 3054 1078 3095 M.
1206 3055 1220 3078 3
1249 3055 1475 3094 absolutos
1497 3056 1573 3096 Μ’.
1717 3056 1732 3078 ¹
1760 3059 1889 3095 -runt
1910 3056 1987 3096 Ml.

383 3124 398 3146 ⁵
428 3125 482 3163 ab
504 3124 561 3163 M.
705 3122 721 3144 ⁶
750 3125 951 3164 iubarum
973 3124 1021 3165 C.
1161 3122 1176 3145 ⁷
1205 3123 1282 3163 -da
1302 3124 1362 3165 M.
1384 3125 1432 3165 C.
1453 3126 1506 3165 N.
1648 3125 1663 3148 ⁸
1692 3127 1919 3166 haetfeldo
1939 3126 1987 3167 C.

381 3190 396 3213 ⁹
426 3202 512 3240 que
531 3203 606 3229 om.
629 3189 689 3230 M.
