2240 3444
32 671 79 708 π).
101 672 122 719 g
142 673 177 708 6.

25 1329 77 1365 ib.

25 1629 54 1664 f.
72 1640 114 1673 24
128 1640 164 1665 a.

23 2075 77 2122 ib.
103 2077 124 2124 ἓ
145 2088 176 2122 7.

781 158 1003 207 (faetore
1043 154 1090 206 A
1106 172 1360 225 nonymo,
1746 163 1847 213 391

274 293 413 340 solito
436 292 614 351 priscae
638 295 1008 339 conuersationis
1024 297 1263 341 festinauit
1283 315 1328 341 so
1348 299 1555 343 subit-cro
1577 302 1820 345 famulatui
1841 318 1849 352 ;

275 369 354 413 sed
378 371 606 423 sequente
633 367 906 420 Benedicto,
932 384 985 412 ac
1010 369 1214 413 reditum
1240 371 1337 414 cius
1361 374 1641 427 postnlantv,
1662 375 1848 416 tandem

273 441 427 486 uictus
460 440 672 485 caritatis
705 442 937 497 precibus,
978 443 1116 496 redit,
1155 447 1202 487 et
1246 460 1363 499 quac
1399 452 1615 501 coeperat
1649 463 1751 489 cum
1799 466 1851 491 co

272 514 549 560 monasterii
583 515 903 559 constituendi
936 520 1079 572 atque
1112 517 1361 560 ordinandi
1396 518 1521 561 iura¹
1558 521 1740 563 sedulus
1774 537 1850 563 cx-

272 587 496 644 sequitur.

334 660 403 717 92.
439 661 584 704 Facta
605 663 766 705 autem
791 660 1015 706 citissime
1040 661 1237 706 basilica
1259 663 1410 718 operis
1435 664 1608 718 eximii,
1637 669 1776 720 atquc
1806 666 1851 707 in

273 735 502 778 honorem
523 733 653 778 beati
673 733 803 778 Petri
825 734 1028 790 apostoli
1048 735 1276 786 dedicata,
1294 737 1696 780 reuerentissimus
1715 738 1854 781 abbas

272 806 559 853 Benedictus
589 807 787 850 Romam
811 807 877 852 ire
902 807 1144 864 disposuit,
1171 811 1224 851 ut
1257 809 1480 852 librorum
1509 809 1690 865 copiam
1724 826 1852 853 sanc-

272 885 443 935 torum,
459 880 766 936 reliquiarum
783 880 798 904 3
821 881 1070 926 beatorum
1090 884 1347 938 martyrum
1365 883 1638 927 memoriam
1654 883 1854 935 dulcem,

271 954 575 999 historiarum
587 953 919 998 canonicarum
934 953 1172 1010 picturam
1188 955 1356 999 merito
1368 956 1788 1009 ueneramla111‚scd
1807 961 1854 1000 ct

271 1029 379 1084 alia,
404 1042 524 1084 quae
548 1030 808 1079 consuerat,
833 1027 1078 1084 peregrini
1101 1027 1227 1072 orbis
1246 1029 1382 1083 dona,
1407 1029 1609 1085 patriam
1633 1030 1854 1081 referrct;

270 1102 475 1147 maxime
508 1101 772 1159 magistros,
806 1101 886 1157 qui
919 1101 1052 1144 iuxta
1095 1102 1239 1146 ritum
1271 1102 1509 1146 Romanae
1542 1101 1857 1146 institutionis

272 1174 486 1220 ordinem
543 1173 769 1218 cantandi
826 1177 876 1218 et
932 1174 1233 1217 ministrandi
1282 1174 1332 1217 in
1386 1189 1454 1226 ea,
1513 1189 1653 1229 quam
1709 1189 1857 1230 nuper

272 1247 555 1291 fundauerat
577 1247 819 1300 aecclesia,
842 1248 1078 1292 docerent.

337 1334 403 1365 10.
438 1320 700 1365 Comitatus
723 1321 823 1365 est⁴
847 1319 1138 1365 Ceolfri>6us⁵
1160 1323 1366 1374 euntem,
1386 1320 1580 1376 cupiens
1599 1319 1668 1363 sui
1683 1320 1855 1377 gradus

271 1392 476 1437 officium
491 1393 677 1450 plenius
692 1394 878 1446 Romae,
895 1407 1038 1449 quam
1054 1392 1104 1435 in
1119 1392 1391 1436 Brittannia
1408 1396 1605 1449 poterat,
1620 1392 1825 1436 ediscere
1844 1408 1854 1447 ;

270 1466 466 1512 relictus
496 1482 611 1511 uero
648 1470 719 1512 est
756 1467 815 1510 ad
847 1466 1103 1511 tuitionem
1135 1466 1426 1520 monasterii,
1454 1466 1601 1510 donec
1634 1465 1855 1521 redirent,

271 1539 565 1597 Easterwyni
583 1540 598 1564 ⁶
650 1540 888 1597 presbiter
948 1544 996 1584 et
1059 1542 1290 1596 cognatus
1351 1539 1538 1583 abbatis
1596 1539 1855 1584 Benedicti.

270 1614 568 1671 Cooperaute
601 1618 761 1660 autem
795 1615 1012 1669 Domino,
1047 1615 1339 1672 propositum
1373 1614 1586 1669 sequitur
1614 1617 1617 1669 Ι
1647 1614 1854 1665 effectus,

269 1690 318 1733 et
349 1688 417 1732 ibi
449 1689 603 1732 multa
635 1689 824 1733 discunt
858 1689 1113 1735 aecclesiae
1148 1690 1343 1741 statuta,
1379 1690 1426 1732 et
1459 1688 1597 1731 beate
1632 1687 1853 1732 memorie

269 1761 531 1807 Iohannem
564 1762 939 1807 archicantorem
972 1763 1210 1806 Romanae
1245 1760 1517 1816 aecclesiae,
1540 1760 1854 1816 abbatemque

269 1835 546 1880 monasterii
578 1835 708 1880 beati
741 1835 966 1892 Maityni,
1000 1850 1159 1880 secum
1192 1834 1515 1878 Brittanniam
1547 1834 1740 1888 ducunt,
1773 1833 1855 1888 qui

269 1923 354 1953 nos
371 1909 672 1954 abundanter
695 1909 908 1954 ordinem
939 1908 1162 1954 cantandi
1188 1923 1272 1965 per
1293 1907 1508 1952 ordinem
1533 1910 1580 1951 et
1607 1906 1718 1949 uiua
1741 1921 1853 1950 uoce

270 1982 411 2026 simul
434 1985 483 2028 et
504 1983 679 2028 litteris
695 1983 899 2028 edocuit.

335 2069 400 2101 11.
433 2056 545 2100 Post
567 2059 674 2100 octo
697 2062 860 2102 autem
889 2070 1036 2100 annos
1058 2070 1200 2112 quam
1228 2055 1496 2111 praefatum
1519 2053 1855 2097 monasterium

271 2132 479 2174 statuere
510 2134 781 2187 caepemut,
805 2130 990 2187 placuit
1018 2128 1242 2187 Ecgfrido
1272 2128 1386 2186 regi,
1416 2142 1500 2184 pro
1532 2126 1854 2182 redemptione

270 2203 459 2247 animae
493 2218 619 2259 suae,
655 2203 800 2248 etiam
831 2203 975 2247 aliam
1008 2203 1087 2245 XL
1112 2201 1403 2246 familiarum
1434 2205 1608 2245 terram
1640 2214 1857 2244 reueren-

268 2276 450 2321 tissimo
512 2277 677 2321 abbati
728 2276 987 2322 Benedicto
1041 2277 1228 2329 donare,
1282 2275 1332 2318 in
1386 2289 1478 2330 qua
1530 2273 1758 2318 aecclesia
1810 2276 1857 2317 et

270 2350 611 2395 monasterium
656 2351 797 2396 beato
848 2350 993 2394 Paulo
1036 2350 1198 2405 fieret3
1250 2363 1346 2392 non
1391 2347 1583 2403 quidem
1625 2361 1652 2389 a
1694 2346 1858 2402 prioris

271 2420 546 2466 monasterii
589 2420 818 2466 societate
864 2420 1144 2472 seiunctum,
1199 2418 1280 2463 sed
1334 2417 1488 2462 eidem
1542 2417 1590 2459 in
1643 2415 1856 2459 omnibus

270 2495 498 2538 unanima
526 2494 828 2539 fraternitate
861 2508 1105 2538 conexum.
1180 2492 1312 2545 Quod
1341 2505 1456 2547 opus
1479 2489 1566 2533 sibi
1590 2489 1853 2531 iniunctum

272 2567 535 2612 Ceolfridus
564 2567 946 2612 strenuosissime
970 2565 1202 2623 perfecit;
1237 2579 1441 2619 namque
1466 2561 1674 2618 acceptis
1697 2575 1853 2605 secum

272 2641 404 2684 XXlI
435 2641 677 2695 fratribus,
702 2642 865 2686 decem
893 2641 1086 2697 quidem
1119 2638 1332 2690 attonsis,
1367 2638 1455 2680 ΧΠ
1492 2650 1603 2680 uero
1632 2638 1854 2679 tonsume

271 2715 424 2758 adhuc
446 2715 653 2771 gratiam
672 2715 1046 2772 expectantibus,
1067 2713 1201 2758 uenit
1215 2712 1275 2755 ad
1293 2712 1458 2762 locum,
1478 2709 1628 2766 primo
1646 2708 1821 2751 ibidem
1838 2708 1851 2731 ³

271 2788 555 2833 constructis
606 2788 836 2842 omnibus,
884 2802 974 2844 que
1027 2786 1233 2830 maxime
1285 2783 1534 2828 necessitas
1580 2779 1853 2824 monasterii

273 2862 509 2918 poscebat,
560 2861 790 2917 domibus,
836 2861 1108 2918 ipsamque*¹
1153 2857 1381 2915 regularis
1428 2854 1668 2900 custodiae
1717 2852 1851 2896 disci-

329 2959 340 2981 ¹
369 2961 437 2998 est
457 2960 557 2997 iura
576 2959 637 2999 H.
806 2958 821 2980 ²
857 2963 913 3006 ΕΡ
934 2964 966 2997 to
988 2961 1062 2995 this
1074 2959 1189 3004 point
1209 2958 1266 2993 tlte
1286 2958 1455 3000 chapters
1475 2958 1567 2991 leuve
1588 2956 1671 2990 been
1696 2957 1852 2990 marked

275 3029 318 3064 in
348 3028 406 3063 the
435 3028 594 3072 maryin
622 3027 666 3071 of
687 3025 732 3064 H
752 3038 762 3074 ;
780 3027 889 3072 from
911 3038 939 3062 c.
961 3037 987 3074 9
1008 3025 1185 3060 onwarcls
1206 3023 1400 3067 inclusive,
1421 3022 1495 3056 this
1527 3021 1558 3055 is
1584 3022 1644 3054 not
1673 3021 1730 3055 the
1758 3031 1853 3056 case.

270 3090 284 3113 ³
315 3101 521 3139 -rumque
542 3091 577 3129 δ.
690 3091 704 3112 ⁴
732 3094 800 3129 est
820 3092 970 3128 autem
993 3090 1027 3126 δ.
1157 3087 1171 3108 ·”
1203 3086 1306 3123 -dus
1328 3086 1361 3123 δ.
1491 3086 1504 3100 “’
1533 3082 1797 3135 ‹gstcrwinus
1817 3083 1852 3120 δ.

270 3153 284 3176 ⁷
314 3155 472 3207 primis
491 3155 700 3194 autumni
721 3157 972 3194 abscessum
1002 3153 1062 3192 H.
1122 3154 1307 3202 (Perhaps
1325 3151 1533 3195 sometlu'ny
1553 3150 1623 3184 has
1643 3150 1729 3184 been
1748 3146 1852 3197 lost.)

269 3217 284 3241 ⁸
313 3231 400 3271 que
418 3232 494 3259 om.
516 3219 578 3260 H.

1888 818 2081 851 13(⁴1](·‹ll‹:t

1885 867 1963 899 mul
1985 868 2092 901 (svul-

1888 916 1967 948 ΗΜ
1988 920 2049 950 sot
2067 920 2133 951 out

1887 966 1947 999 sor
1967 966 2100 1001 Romo.

1887 2062 2072 2098 Founda·

1886 2112 1972 2146 tion
1992 2112 2036 2145 of

1886 2161 1911 2196 J
1915 2171 2056 2196 arrow.
