2240 3444
279 159 378 196 CAP.
401 151 558 205 xvlL]
782 142 972 196 Gentis
1013 143 1353 211 Angylorum.
1763 143 1864 192 119

275 296 525 346 AEduino¹
572 299 667 358 νομί,
703 296 978 358 Anytorum
1018 298 1267 344 Honorius
1300 298 1541 356 episcopus
1576 311 1742 344 seruus
1778 311 1865 344 ser-
1894 309 1936 341 to
1957 305 2112 342 Edwin.

272 398 447 430 uorum
476 383 565 429 Dei
591 382 805 428 salutem.
1891 357 2004 450 gfff
2027 368 2072 399 '¹'

339 465 426 511 Ita
457 464 837 513 Christianitatis
864 466 1048 510 uestrae
1082 463 1330 522 integritas
1353 462 1477 508 eirca
1509 463 1586 508 sui
1611 462 1864 508 conditoris

272 546 451 592 cultzim
475 547 595 605 fidei
631 549 697 593 est
734 546 898 592 ardore
935 559 1170 603 succensa⁷
1200 547 1255 591 ut
1292 545 1424 603 Ionyc
1459 544 1641 602 lateque
1671 545 1864 602 resplen-

271 627 388 685 deat,
415 632 456 675 et
484 630 533 674 in
552 629 681 674 omni
698 628 879 674 mundo
896 627 1191 674 adnuntiata
1208 627 1356 673 uestri
1375 626 1528 685 operis
1543 626 1867 685 multipliciter

271 710 441 769 referat
454 711 690 769 fluctum.
767 710 847 757 Sic
879 711 1004 757 enim
1030 724 1117 756 uos
1143 723 1269 769 reyes
1301 723 1396 755 csse
1427 709 1713 768 coynoscitis
1747 708 1860 755 duni

272 807 420 853 reyem
454 797 495 840 ct
531 792 791 840 Creatorem
824 795 1039 840 uestrum
1064 791 1322 838 orthodoxa
1335 791 1692 850 praedicatione
1715 791 1863 838 edocti

271 876 427 923 Deum
444 876 713 923 uenerando
729 875 930 933 creditis,
953 876 1097 935 cique,
1120 874 1246 934 quod
1261 874 1477 920 humana
1492 874 1621 920 ualet
1637 874 1856 931 condicio,

271 958 439 1006 mentis
462 961 644 1005 uestrae
668 958 905 1004 sinceram
931 957 1222 1004 deuotionem
1247 957 1502 1003 ea'soluitis.
1582 955 1717 1016 Quod
1739 957 1864 1002 enim

267 1041 365 1088 Deo
390 1044 548 1087 nostro
573 1040 711 1087 aliud
734 1039 900 1098 offerre
923 1040 1204 1099 ualebimus,
1235 1039 1332 1086 nisi
1364 1041 1420 1085 ut
1448 1040 1497 1084 in
1523 1039 1656 1085 bonis
1679 1039 1864 1086 actibus

256 1124 566 1182 persistentes,
600 1124 848 1182 ipsumque
874 1126 1112 1170 auctorem
1143 1122 1345 1169 humani
1366 1122 1551 1181 yeneris
1574 1121 1855 1180 confitentes,

267 1220 373 1253 eum
397 1207 551 1265 colere,
576 1207 707 1265 eique
730 1208 845 1252 uota
868 1209 1034 1252 nostra
1056 1204 1245 1252 reddere
1259 1203 1586 1263 festinemus?-
1643 1204 1715 1250 Et
1739 1204 1855 1262 ideo,

266 1290 643 1337 excellentissime
681 1289 776 1348 fili,
819 1292 1029 1348 paterna
1075 1293 1164 1335 uos
1211 1289 1418 1346 caritate,
1474 1302 1571 1346 qua
1625 1289 1856 1346 conuenit,

267 1372 582 1431 exhortamur,
612 1375 667 1418 ut
691 1372 785 1430 hoe,
817 1372 943 1430 quod
967 1385 1054 1418 uos
1078 1371 1251 1418 diuina
1279 1370 1604 1417 mesericordia
1633 1371 1698 1417 ad
1722 1385 1862 1418 suam

264 1456 473 1514 qratiam
497 1469 666 1502 uocare
696 1455 898 1514 diynata
929 1457 1008 1513 est,
1040 1454 1245 1501 sollicita
1280 1454 1536 1501 intentione
1567 1456 1610 1500 et
1641 1454 1863 1501 adsiduis

267 1539 563 1585 orationibus
602 1552 793 1585 seruare
835 1537 1105 1584 omnimodo
1134 1537 1377 1596 festinetis
1394 1553 1409 1594 ;
1458 1540 1524 1591 ut,
1568 1538 1651 1597 qui
1688 1552 1773 1583 uos
1808 1538 1860 1582 in

255 1622 504 1680 praesenti.
539 1621 725 1668 saeculo
762 1634 817 1666 eac
852 1620 985 1667 omni-
1021 1634 1174 1666 errore
1203 1620 1442 1667 absolutos
1473 1619 1536 1666 ad
1568 1621 1859 1679 aynitionem

264 1704 343 1751 sui
382 1704 595 1750 nominis
648 1706 716 1751 est
764 1703 994 1762 digynatus
1019 1702 1292 1761 perducere,
1338 1706 1383 1749 et
1423 1703 1635 1750 caelest-is
1661 1703 1860 1762 patriae

268 1787 401 1833 uobis
438 1789 698 1845 praeparet
738 1787 1052 1833 mansionem.
1128 1785 1488 1833 Praedicator-is
1529 1786 1678 1844 igitur
1712 1786 1860 1832 uestri

266 1869 450 1916 domini
474 1871 566 1916 mei
586 1869 866 1928 apostolicae
882 1870 1133 1916 memoriae
1156 1868 1372 1928 Greyorii
1380 1868 1658 1927 frequenter
1671 1869 1860 1915 lectione

265 1952 493 2010 occupati,
514 1966 637 2010 prae
669 1951 817 1998 oculis
849 1950 1077 2009 affectum
1111 1951 1355 1997 doctrinae
1385 1951 1549 2010 ipsius,
1582 1948 1751 2009 quem²
1767 1965 1860 2010 pro

262 2034 436 2080 uestris
461 2033 719 2080 animabus
745 2033 942 2080 libenter
972 2033 1188 2092 exercuit,
1219 2033 1430 2080 habetote
1448 2049 1462 2090 ,·
1501 2033 1735 2092 quatinus
1759 2033 1862 2079 eius

262 2116 412 2162 oratio
461 2119 505 2162 et
549 2130 751 2176 reynum
797 2119 1010 2163 uestrum
1047 2116 1377 2176 populumque
1437 2119 1622 2176 auocat,
1677 2119 1719 2162 et
1774 2130 1861 2162 uos

261 2199 573 2257 omnipotenti
608 2199 709 2246 Deo
741 2198 1178 2258 inreprehensibiles
1211 2202 1532 2258 repraesentet.
1609 2198 1693 2245 Ea
1728 2212 1853 2256 uero,

261 2295 380 2340 quae
403 2296 434 2328 a
456 2282 593 2328 nobis
614 2296 707 2341 pro
738 2282 913 2328 uestris
944 2281 1268 2328 sacerdotibus
1303 2280 1584 2328 ordinanda
1613 2281 1852 2340 sperastis,

260 2363 403 2411 haee*
429 2379 524 2423 pro
552 2364 675 2423 fidei
709 2367 894 2411 uestrae
923 2365 1204 2422 sinceritate,
1244 2379 1365 2423 quae
1396 2364 1535 2410 nobis
1570 2363 1859 2410 multimoda

259 2447 484 2494 relatione
508 2461 600 2506 per
616 2448 949 2505 praesentium
976 2447 1229 2506 portitores
1260 2447 1572 2494 laudabiliter
1605 2447 1859 2493 insinuata

258 2532 337 2587 est,
378 2528 623 2588 ῃναΐῑιὶΐο4
667 2530 830 2576 animo
869 2529 1138 2576 adtribuere
1179 2529 1284 2576 ulla
1318 2530 1421 2576 sine
1458 2529 1687 2576 dilatione
1718 2543 1854 2587 prae-

257 2611 480 2658 uidemus
496 2628 512 2669 ;
562 2615 605 2658 et
639 2612 733 2659 duo
752 2612 915 2671 pallia
949 2615 1258 2671 utrorumque
1293 2612 1775 2671 metropolitanorum,
1806 2610 1857 2656 id

259 2696 326 2740 est
363 2694 583 2740 Honorio
622 2697 666 2741 et
703 2694 932 2753 Paulino,
977 2695 1252 2754 direximus,
1295 2698 1360 2754 ut,
1401 2695 1517 2741 dum
1555 2695 1664 2753 quis
1695 2708 1858 2740 eorum

260 2775 316 2822 de
339 2775 422 2822 hoc
446 2777 631 2823 saeculo
651 2777 718 2823 ad
741 2780 983 2824 auctorem
1017 2791 1163 2824 suum
1190 2777 1356 2836 fuerit
1387 2777 1653 2833 arcessitus,
1684 2776 1739 2822 in
1764 2775 1859 2822 loco

81 2869 105 2905 f.
127 2882 168 2915 41
191 2871 225 2906 b.
264 2858 414 2918 ipsius
453 2859 574 2905 alter
613 2860 884 2919 episcopum
924 2874 979 2907 ex
1016 2860 1106 2907 hac
1138 2856 1142 2919 Ι
1174 2862 1339 2907 nostra
1372 2859 1652 2906 auctoritate
1695 2858 1858 2905 debeat

260 2941 524 3001 subroyare.
597 2941 735 3002 Quod
758 2943 952 3002 quidem
978 2946 1078 2990 tam
1091 2958 1183 3003 pro
1207 2945 1393 2989 uestrae
1418 2941 1637 2989 caritatis
1662 2940 1850 2999 affectu,

316 3120 330 3143 ¹
358 3121 555 3159 eduuino
577 3121 608 3159 C
631 3134 639 3169 ;
669 3121 834 3160 eduino
855 3123 904 3161 B.
972 3121 987 3143 ²
1015 3123 1133 3172 quod
1155 3123 1214 3162 M.
1239 3122 1283 3172 C,
1308 3125 1458 3160 obscure
1480 3124 1521 3159 in
1543 3121 1591 3160 B.
1654 3120 1668 3142 ³
1694 3120 1777 3159 hoe
1799 3121 1855 3159 M.

260 3185 274 3208 ⁴
303 3187 508 3237 gratuitu
528 3187 583 3225 M.
607 3187 652 3226 C.
