2240 3444
89 904 325 939 Germanus

89 955 208 1038 ξῗῑῗὲ
224 964 317 1049 ἔω,
371 987 590 1046 procedit
614 988 668 1034 in
691 988 926 1047 medium,
948 988 1116 1047 filiam
1141 987 1193 1034 X
1217 1003 1478 1035 annorum
1494 1003 1681 1036 caecam
1706 988 1987 1035 curandam
2019 1009 2103 1046 νὴ,

2017 1059 2160 1095 Germ.

2018 1110 2110 1147 Lib.
2137 1122 2165 1154 1,

90 2164 202 2207 They
222 2164 319 2199 visit.

91 2214 163 2249 the
178 2215 292 2249 tomb
311 2213 358 2249 of

92 2265 147 2299 St.
170 2264 316 2301 Alban.

383 139 455 191 36
494 124 497 127 ’
849 141 1114 195 Historia
1152 141 1546 196 Ecclesiastica
1823 149 1934 203 [Lm.
1953 153 1986 193 Ι.

367 289 586 349 populus
621 289 800 338 arbiter
832 291 920 338 uix
954 306 1132 340 manus
1163 293 1381 352 continet,
1413 291 1653 339 iudicium
1685 290 1864 337 tamen
1898 289 1989 338 cla·

377 385 503 420 more
528 375 739 422 testatur.

985 543 1137 593 OAP.
1170 543 1379 594 XVIII.

384 671 434 706 Ut
462 671 564 706 idem
587 671 721 714 filiam
754 672 904 708 tribuni
937 683 1089 709 caecam
1122 672 1439 720 inluminauerit,
1472 683 1516 708 ac
1549 673 1687 708 deinde
1721 673 1774 708 acl
1807 673 1987 707 sanctum

378 733 609 772 Albanuml
626 738 868 785 perueniens,
903 739 1088 782 reliquias
1117 739 1261 775 ibidem
1291 740 1325 775 et
1352 739 1481 783 ipsius
1511 739 1705 786 acceperit,
1730 741 1762 774 et
1792 739 1987 774 beatorum

688 805 946 848 apostolorum
966 806 1049 841 siue
1072 805 1243 841 aliorum
1263 807 1486 852 martyrum
1497 806 1682 850 posuerit.

450 902 578 949 TUM
591 900 607 924 ²
631 904 787 951 subito
812 903 1026 965 quidam
1052 904 1366 953 trilniniciae3
1382 905 1637 965 potestatis
1660 919 1768 952 curn
1794 904 1989 964 coniuye
2015 909 2043 948 f.
2066 921 2104 944 12
2122 909 2158 946 b.

381 1071 703 1118 sacerdotibus
739 1069 974 1131 offerens,
1023 1087 1169 1131 quam
1210 1072 1285 1119 illi
1325 1073 1621 1120 aduersariis
1659 1071 1822 1130 offerri
1849 1086 1986 1132 prae-

2019 960 2159 997 Const.

379 1157 630 1214 ccpcrunt;
664 1154 748 1202 sed
764 1153 823 1201 hi
842 1156 1128 1203 conscientia
1141 1156 1375 1215 puniente
1400 1157 1623 1215 deterriti,
1649 1157 1860 1216 iunyunt
1879 1170 1989 1203 cum
2019 1172 2054 1197 ο.
2077 1171 2133 1204 24·

370 1238 658 1297 parentibus
684 1253 860 1298 preces,
909 1242 953 1286 et
990 1239 1283 1287 curationem
1314 1240 1558 1299 paruulae
1595 1255 1625 1287 a
1667 1239 1990 1287 sacerdotibus

380 1321 731 1381 deprecantur,·
771 1324 854 1382 qui
885 1323 1141 1370 ‘inclinatos
1179 1322 1358 1370 animo
1396 1325 1700 1372 aduersarios
1737 1324 1982 1383 intuentes,

380 1406 638 1453 orationem
678 1407 885 1453 breuiter
913 1406 1157 1466 fundunt,
1202 1422 1257 1454 ac
1298 1407 1466 1455 deinde
1508 1407 1780 1455 Germanus
1811 1407 1991 1467 plenus

379 1488 571 1549 Spiritu
595 1489 770 1538 Sancto
794 1490 986 1538 inuocat
1019 1491 1342 1549 Trinitatem,·
1380 1507 1476 1537 nec
1500 1506 1659 1550 mora,
1690 1491 1991 1538 adherentem

383 1573 519 1621 lateri
542 1588 629 1621 suo
654 1574 907 1634 capsulam
931 1588 1042 1622 cum
1074 1578 1350 1622 sanctorum
1382 1575 1595 1634 reliquiis
1624 1575 1739 1621 collo
1763 1574 1991 1622 auulsum

378 1658 607 1705 manibus
631 1657 977 1717 conprehendit,
1008 1673 1202 1717 eamque
1225 1661 1278 1705 in
1302 1661 1550 1719 conspectu
1573 1658 1791 1705 omnium
1806 1658 1992 1718 puellae

381 1741 530 1788 oculis
570 1740 850 1800 adplicauit,
899 1755 1016 1800 quos
1063 1742 1229 1789 statim
1276 1745 1532 1790 euacuatos
1579 1742 1780 1789 tenebris
1820 1741 1991 1788 lumen

378 1825 599 1872 ueritatis
627 1825 860 1885 impleuit.
936 1824 1183 1872 Escultant
1197 1829 1436 1885 parentes,
1461 1824 1757 1873 miraculum
1775 1824 1992 1884 populus

377 1909 731 1967 contreniescit,·
759 1912 873 1969 post
896 1924 1043 1969 quam
1069 1909 1192 1956 diem
1216 1910 1287 1956 ita
1310 1923 1364 1956 ex
1387 1909 1567 1956 animis
1590 1909 1807 1956 omnium
1830 1906 1993 1954 suasio

380 1992 550 2050 iniqua
600 1992 748 2040 deleta
795 1996 874 2051 est,
928 1996 985 2040 ut
1032 1993 1331 2040 sacerdotum
1392 1993 1661 2040 doctrinam
1720 1991 1992 2039 sitientibus

382 2072 632 2122 desideriis
655 2079 956 2124 sectarentur.
1810 2127 1814 2130 ,

455 2156 716 2218 Conpressa
756 2159 918 2219 itaque
953 2160 1269 2219 peruersitate
1312 2159 1591 2218 damnabili,
1635 2159 1824 2218 eiusque
1877 2172 1988 2206 auc-

384 2242 565 2289 toribus
613 2242 890 2302 confutatis,
943 2246 1084 2303 atque
1129 2244 1310 2291 animis
1359 2243 1577 2290 omnium
1614 2242 1738 2302 fidei
1774 2242 1992 2301 puritate

384 2325 653 2385 conpositis,
691 2326 952 2374 sacerdotes
984 2326 1173 2374 beatum
1208 2324 1465 2374 Albanum
1496 2328 1774 2386 martyrem,
1804 2324 1992 2372 acturi4

382 2408 487 2455 Deo
512 2422 605 2467 per
624 2408 786 2469 ipsum
810 2409 1007 2468 qratias,
1038 2408 1317 2470 petierunt,
1352 2409 1437 2456 ubi
1470 2408 1742 2457 Germanus
1773 2409 1992 2455 oninium

382 2491 704 2551 apostolorum
752 2492 1139 2552 diuersorumque
1184 2497 1460 2552 martyrum
1518 2506 1677 2539 secum
1735 2491 1961 2550 reliquias
1975 2489 1992 2514 ⁵

383 2575 572 2635 liabens,
607 2574 749 2634 facta
785 2576 1005 2635 oratione,
1048 2576 1192 2623 iussit
1232 2575 1395 2623 reuelli
1430 2575 1749 2635 scpulclirum,
1782 2574 1993 2634 pretiosa

383 2658 559 2706 ibidem
582 2673 783 2707 munera
817 2659 1132 2717 conditurus,·
1170 2659 1413 2706 arbitrans
1441 2661 1744 2718 oportunum,
1774 2661 1831 2704 ut
1853 2672 1992 2706 mem-

386 2741 470 2789 bra
508 2745 782 2789 sanctorum
824 2756 879 2790 ex
916 2743 1120 2789 diuersis
1152 2742 1423 2802 reqionibus
1459 2741 1662 2801 collecta,
1704 2756 1821 2800 quos
1846 2755 1993 2801 pares

383 2826 564 2873 meritis
610 2829 840 2886 receperat
882 2826 1078 2885 caelum,
1132 2825 1367 2885 sepulchri
1414 2839 1593 2884 quoquc
1630 2825 1781 2872 unius
1823 2829 1992 2873 teneret

384 2909 656 2968 hospitium.
737 2909 922 2970 Quibus
961 2909 1185 2969 depositis
1224 2908 1480 2968 honorifice
1515 2911 1655 2968 atque
1689 2909 1892 2969 sociates,
1936 2909 1992 2956 de

387 2992 480 3040 loco
504 2993 620 3052 ipsc,
650 2993 735 3040 ubi
761 2993 884 3041 beati
914 2993 1147 3053 martyris
1177 2991 1366 3050 effusus
1399 2995 1500 3040 erat
1531 2993 1747 3052 sangiuiS,
1777 3007 1991 3040 massam

441 3113 453 3135 ¹
483 3115 707 3154 Albinum
730 3115 797 3156 N1.
993 3114 1008 3137 2
1037 3128 1140 3154 eum
1162 3115 1314 3154 Const.
1521 3112 1536 3135 ³
1567 3128 1660 3154 -cae
1682 3115 1743 3155 Μι
1766 3129 1775 3164 ;
1806 3116 1913 3154 -tiae
1935 3115 1987 3154 B.

387 3179 399 3200 ⁴
429 3182 599 3219 auctori
623 3181 668 3221 C.
694 3182 760 3220 13¹.
781 3180 879 3230 W1;
909 3183 1087 3221 aucturi
1108 3180 1162 3220 B2
1182 3194 1191 3230 ;
1221 3183 1399 3220 auctore
1421 3181 1482 3232 Hl
1499 3195 1508 3231 ;
1530 3183 1700 3221 auctori
1721 3182 1814 3220 Deo
1832 3194 1876 3232 p.
1899 3182 1930 3222 i.
1948 3194 1988 3224 g,

387 3246 531 3284 actm-i
554 3246 704 3286 Conse.
876 3246 889 3268 ⁵
918 3247 1136 3298 reliquias
1157 3245 1334 3287 ‘seeum'
1349 3247 1407 3288 M.

2019 2168 2071 2204 ib.
2093 2180 2128 2204 c.
2147 2179 2198 2212 ²5·
