2240 3444
389 131 496 189 368
902 131 1170 186 Historia
1211 129 1493 184 Abbatunz

388 279 582 331 facere¹
624 279 968 344 praeciperet.
1048 276 1228 340 Quod2
1269 277 1467 325 factum
1515 274 1606 333 est,
1656 272 1791 321 sicut
1840 273 1893 320 et
1934 271 1991 320 in
2019 287 2048 325 f.
2070 287 2146 335 910.

388 365 659 428 prohemio
683 364 917 425 memini,
948 362 1012 412 ad
1039 364 1219 412 ostium
1234 360 1467 422 fluminis
1498 354 1671 419 Wyri³
1696 356 1760 405 ad
1786 356 1991 404 leuam4

390 465 519 499 anno
557 449 621 496 ab
655 449 995 496 incarnatione
1033 446 1240 494 Domini
1277 441 1607 492 sexcentesimo
1644 441 1994 501 septitayesiino

389 536 575 595 qnartO,
619 532 880 580 indictione
914 530 1138 589 secunda,
1181 543 1316 576 anno
1355 529 1519 574 antem
1558 527 1731 585 quarto
1750 523 1767 547 5
1799 524 1994 585 imperii

392 616 624 678 Ecyfridi
646 616 774 677 rcyis
788 615 816 663 ⁶.

101 723 367 766 Heprooures
466 712 508 758 5.
552 698 657 746 Nec
689 698 969 760 plusquam
1005 693 1163 743 unius
1200 692 1324 742 anni
1361 690 1526 754 spatio
1563 691 1681 753 post
1705 691 1995 751 fundatum

101 770 359 857 ζξξξὲᾎῗὲῗξῖ·
394 782 753 831 monasterium
796 778 1079 838 interiecto,
1127 777 1424 825 Benedictus
1466 791 1656 821 oceano
1697 774 1997 824 transmisso

240 854 250 856 1
397 867 590 916 Gallias
630 865 824 927 petens,
874 860 1249 910 cementarios⁷
1294 858 1387 922 qui
1433 857 1694 920 lapideam
1737 858 1838 906 sibi
1885 875 1996 906 aec-

393 949 602 998 clesiam
622 947 765 995 iuxta
786 947 1144 994 Romanorum
1170 959 1328 1006 quem
1349 958 1553 1004 semper
1570 941 1777 990 amabat
1795 958 1996 990 morem

393 1033 631 1091 facerent,
680 1029 981 1093 postulauit,
1025 1027 1236 1089 accepit,
1282 1025 1485 1074 adtulit.
1581 1026 1651 1074 Et
1687 1026 1897 1074 tantum
1938 1026 1995 1074 in

394 1115 649 1179 operando
676 1113 865 1161 studii8
890 1129 1013 1175 prae
1037 1127 1212 1159 amore
1241 1110 1382 1158 beati
1406 1111 1545 1159 Petri
1580 1111 1635 1158 in
1672 1109 1819 1158 cuius
1854 1111 1998 1160 hono-

393 1215 492 1248 rcni
512 1198 527 1221 ⁹
542 1197 770 1258 faciebat
794 1195 1042 1256 exhibuit,
1074 1196 1133 1243 ut
1157 1194 1294 1242 intra
1317 1193 1476 1242 unius
1501 1192 1629 1241 anni
1654 1193 1908 1241 circulum
1933 1210 1995 1242 ex

396 1300 496 1345 quo
533 1281 877 1329 fundamenta
913 1280 1038 1327 sunt
1079 1278 1223 1339 iecta,
1269 1277 1592 1325 culminibus
1635 1277 1990 1341 superpositis,

395 1364 671 1413 missarum
713 1362 844 1410 inibi
893 1361 1182 1424 solempnia
1232 1359 1477 1409 celebrari
1518 1360 1736 1410 uideres.
1815 1361 1993 1409 Proxi-

395 1449 570 1496 mante
612 1447 788 1494 autem
830 1445 893 1493 ad
937 1445 1224 1508 perfectum
1274 1462 1438 1507 opere,
1481 1444 1628 1493 misit
1671 1444 1946 1508 legatarios
1960 1445 1995 1470 ¹⁰

397 1531 635 1591 Galliam,
652 1530 743 1592 qui
757 1528 884 1577 uitri
894 1529 1124 1590 factores,
1141 1528 1360 1577 artifices
1376 1528 1621 1577 uidelicet
1633 1528 1950 1578 Brittanniis
1961 1526 1993 1554 ¹¹

397 1616 609 1662 eatenus
633 1612 940 1676 incognitos,
971 1613 1035 1660 ad
1054 1610 1085 1635 10
1112 1612 1474 1661 cancellandas
1492 1612 1523 1637 ¹3
1548 1612 1821 1662 aecclesiae
1844 1611 1997 1676 porti-

398 1713 620 1759 cumque
668 1698 720 1743 et
769 1695 1164 1744 caenaculorum
1213 1696 1324 1744 eius
1371 1696 1627 1744 fenestras
1662 1696 1990 1745 adducerent.

403 1781 721 1841 Factumque
739 1781 816 1828 est
828 1781 872 1841 ¹4,
887 1780 1172 1840 uenerunt3
1194 1796 1288 1827 nec
1305 1780 1475 1827 solum
1492 1797 1620 1843 opus
1629 1781 1998 1843 postulatum¹5

399 1863 809 1926 compleuerunt,
839 1862 929 1911 sed
967 1864 1018 1911 et
1043 1863 1340 1926 Anglorum
1379 1880 1441 1911 ex
1479 1880 1538 1911 eo
1575 1866 1787 1926 gentem
1824 1864 1999 1913 huius-

403 1947 547 1995 modi
574 1945 853 1994 artificium
883 1963 1035 1994 nosse
1060 1963 1116 1994 ac
1142 1947 1338 1996 discere
1359 1948 1392 1972 10
1416 1947 1653 1996 fecerunt
1678 1967 1689 2009 3
1719 1948 1998 1997 artificium

400 2029 652 2077 nimirum
669 2029 753 2076 uel
769 2028 1066 2091 lampadis¹⁷
1086 2030 1359 2078 aecclesiae
1378 2030 1630 2091 claustris,
1652 2031 1738 2078 uel
1755 2048 2000 2080 uasorum

402 2112 706 2160 multifariis
759 2112 941 2160 usibus
988 2130 1095 2161 non
1144 2114 1451 2177 ignobiliter
1498 2117 1693 2178 aptum.
1797 2117 1898 2165 Sed
1950 2118 2003 2164 et

402 2196 586 2243 cuncta
619 2211 749 2257 quae
781 2196 845 2243 ad
875 2196 1053 2244 altaris
1090 2199 1141 2245 et
1165 2198 1439 2247 aecclesiae
1474 2198 1830 2265 ministerium
1868 2216 2002 2247 com-

402 2278 660 2341 petebant,
704 2294 828 2326 uasa
865 2282 1055 2337 sancta,
1096 2278 1100 2345 Ι
1133 2281 1218 2328 uel
1266 2282 1594 2338 uestimenta,
1640 2283 1761 2345 quia
1782 2282 1814 2307 ¹⁸
1858 2281 2001 2331 domi
2028 2297 2054 2333 f.
2081 2309 2122 2332 10
2140 2309 2175 2332 a.

401 2361 642 2409 inuenire
667 2362 983 2424 non'potuit,
1015 2363 1078 2411 de
1103 2365 1468 2414 transmarinis
1492 2365 1793 2429 regionibus
1823 2367 2002 2415 aduec-

400 2446 510 2492 tare
535 2444 808 2507 religiosus
833 2448 1037 2508 emptor
1062 2448 1281 2497 curabat.

113 2534 301 2619 JVJiiSsitfittEh
474 2530 517 2575 6.
560 2527 629 2575 Et
665 2530 722 2575 ut
743 2527 777 2552 ¹⁹
814 2545 872 2576 ea
913 2546 1116 2592 quoque
1148 2548 1277 2594 quae
1316 2549 1411 2580 nec
1446 2532 1504 2581 in
1535 2532 1704 2581 Gallia
1736 2533 1947 2596 quidem
1963 2531 2000 2557 ²⁰
2027 2545 2136 2582 Hist.

115 2636 252 2669 Rome.
405 2610 647 2674 repperiri
685 2610 945 2674 ualebant,
986 2613 1238 2663 Romanis
1274 2632 1302 2663 e
1339 2615 1533 2664 finibus
1568 2616 1844 2665 aecclesiae
1878 2632 2000 2665 suae
2028 2596 2201 2693 §gugnl'ol

462 2815 475 2837 1
504 2817 647 2857 facore
667 2819 875 2859 ecclesiae
893 2820 941 2860 C.
1018 2819 1035 2845 2
1064 2823 1183 2872 quod
1200 2825 1245 2862 et
1266 2828 1314 2862 Δ.
1391 2824 1405 2845 3
1438 2825 1538 2863 wiri
1562 2825 1613 2864 D.
1634 2826 1711 2874 H2.
1729 2826 1778 2866 P.
1798 2826 1846 2866 G.
1863 2827 1915 2866 B.
1932 2825 1999 2871 F¹;

407 2888 518 2937 wyri
543 2888 592 2925 Ι4Ἷο
612 2902 621 2937 ;
650 2889 778 2927 weh-i
801 2895 851 2929 A.
964 2889 977 2912 4
1008 2893 1269 2941 aquilonem
1291 2894 1342 2931 D.
1362 2893 1438 2941 H2.
1461 2895 1510 2933 P.
1534 2895 1581 2933 C.
1602 2894 1654 2934 B.
1677 2896 1725 2934 F.
1842 2896 1856 2918 ⁵
1882 2897 1932 2936 ii.
1953 2897 2001 2935 F.

407 2951 421 2971 ⁰
450 2965 571 3002 reges
592 2959 640 2992 A.
789 2953 804 2975 ⁷
834 2958 1181 2996 commentarios
1203 2958 1250 2997 B.
1393 2957 1407 2979 ⁸
1438 2961 1532 2999 -dui
1557 2961 1634 3009 HI.
1785 2960 1800 2983 ⁹
1829 2962 2001 3001 honore

408 3034 502 3059 rom
525 3028 574 3060 A.
700 3021 731 3044 ¹⁰
761 3025 916 3063 -torios
936 3030 986 3065 Δ.
1140 3025 1169 3047 ¹¹
1199 3027 1291 3065 -nis
1306 3027 1381 3075 H1.
1513 3030 1543 3051 ¹²
1572 3031 1631 3068 ad
1649 3029 1877 3070 faciendas
1897 3043 1999 3070 can·

408 3087 622 3125 collorum
643 3090 988 3139 porticuumque
1011 3097 1061 3130 A.
1164 3091 1194 3114 13
1225 3093 1322 3131 -dos
1343 3094 1397 3131 D.
1421 3094 1483 3146 H2
1507 3095 1553 3133 Ρ.
1579 3096 1624 3134 O.
1646 3096 1698 3134 B.
1720 3096 1766 3134 F.
1873 3095 1902 3118 ¹4
1932 3100 2001 3136 est

409 3154 453 3190 et
476 3158 523 3191 A.
547 3154 599 3191 D.
624 3154 698 3205 H2.
722 3155 769 3193 P.
792 3156 837 3195 C.
861 3156 910 3196 B.
933 3158 981 3196 F.
1140 3158 1172 3181 ¹⁵
1202 3159 1396 3197 -lantum
1424 3160 1469 3198 C.
1651 3162 1681 3184 1⁶
1710 3162 1902 3201 diescere
1924 3163 2000 3212 HI.

410 3212 438 3233 ¹⁷
471 3216 618 3254 -dibus
640 3222 687 3254 A.
818 3218 847 3238 ¹³
876 3232 961 3268 que
983 3225 1030 3259 A.
1158 3220 1189 3243 ¹9
1218 3224 1270 3260 ut
1291 3235 1363 3261 one.
1389 3227 1441 3261 A.
1553 3222 1584 3245 2⁰
1614 3225 1800 3274 quidam
1823 3225 1900 3274 H2.
