2240 3444
81 311 316 346 Germa-nus

79 361 245 396 revisits

82 411 254 445 Britain.

82 1475 117 1509 A
135 1474 316 1511 miraele.

375 149 447 200 40
484 125 487 128 .
840 144 1106 198 Historia
1143 143 1536 198 Ecclesiastica
1812 151 1922 204 [Lm.
1941 155 1975 193 Ι.

374 296 609 355 dilatari,·
650 309 914 355 rursusque
951 293 1015 342 ad
1051 293 1382 341 beatissimum
1417 290 1593 338 uirum
1619 304 1788 351 preces
1823 304 1980 336 sacer-

373 378 555 426 dotum
593 379 811 426 omnium
847 376 1144 437 deferuntur,
1185 378 1243 423 ut
1277 389 1477 424 causam
1511 374 1619 433 Dei,
1658 388 1807 433 quam
1833 373 1981 433 prius

372 463 646 511 obtinuerat
661 460 690 522 1,
720 464 975 509 tutaretur.
1052 459 1270 521 Quorum
1292 458 1523 519 petitioni
1546 457 1763 516 festinus
1788 455 1981 503 obtem-

371 547 530 608 perat.
605 544 835 605 Namque
879 544 1109 592 adiuncto
1151 541 1250 589 sibi
1288 541 1476 601 Seuero,
1520 542 1667 589 totius
1707 540 1982 588 sanctitatis
2010 548 2149 604 anst.

371 631 492 690 uiro,
524 630 608 689 qui
632 630 743 675 erat
769 625 1056 688 discipulus
1080 624 1372 673 beatissimi
1401 623 1562 686 patris
1587 621 1724 685 Lupi
1749 622 1982 669 Treease-
2010 599 2160 683 gzbim.

372 728 563 760 norum
611 709 848 773 episcopi,
893 711 944 757 et
992 713 1106 757 tunc
1145 709 1363 756 Treuiris
1410 708 1664 755 ordinatus
1711 707 1974 766 episcopus,
2011 697 2102 784 {fi}
2114 696 2158 732 ii.

369 797 593 856 qentibus
629 796 825 856 primae
876 793 1167 842 Germaniae
1213 793 1416 839 uerbum
1461 791 1794 852 praedicabat,
1847 803 1982 837 mare

372 879 660 937 conscendit,
705 881 753 925 et
784 875 1209 926 consentientibus
1245 874 1501 935 elementis,
1545 874 1812 935 tranquillo
1841 875 1981 921 naui-

370 963 452 1024 qio
479 960 770 1009 Brittannias
795 960 929 1022 petit
945 958 978 1008 ².

440 1047 640 1094 Interea
692 1045 882 1094 sinistri
940 1044 1143 1104 spiritus
1191 1043 1507 1103 peruolantes
1560 1044 1711 1090 totam
1762 1040 1983 1089 insulam
2011 1044 2064 1080 ib·
2087 1056 2117 1079 ο.
2139 1057 2168 1087 3-

377 1129 680 1178 Germanum
729 1128 897 1175 uenire
944 1128 1117 1174 inuitis
1163 1126 1600 1174 uaticinationibus
1645 1124 1981 1182 nuntiabant;

371 1213 426 1260 in
456 1215 663 1272 tantum,
695 1214 751 1258 ut
781 1209 1014 1270 Elafius3
1039 1210 1253 1270 quidam,
1283 1210 1493 1270 reqionis
1526 1209 1663 1257 illius
1688 1210 1899 1269 primus,
1929 1209 1985 1256 in

374 1310 572 1344 occursu
618 1297 898 1343 sanctorum
939 1294 1045 1342 sine
1092 1293 1198 1341 ulla
1243 1293 1495 1352 manifesti
1542 1293 1708 1340 nuntii
1756 1292 1986 1340 relatione

365 1378 670 1440 properaret,
725 1377 948 1425 exhibens
994 1391 1154 1425 secum
1197 1377 1378 1436 filium,
1428 1391 1567 1436 quem
1612 1376 1667 1423 in-
1714 1376 1820 1436 ipso
1858 1376 1985 1435 flore

374 1462 727 1511 adulescentiae
763 1461 984 1508 debilitas
1023 1460 1225 1507 dolenda
1263 1460 1607 1507 damnauerat.
1683 1459 1815 1507 Erat
1855 1460 1985 1507 enim

373 1546 698 1595 arescentibus
738 1545 907 1592 neruis
948 1547 1188 1591 contracto
1218 1544 1416 1604 poplite,
1465 1543 1545 1590 cui
1582 1557 1678 1603 per
1723 1544 1986 1591 siccitatem

373 1632 530 1678 cruris
547 1644 668 1677 usus
690 1628 885 1688 uestiqii
903 1627 1175 1688 neqabatur
1189 1627 1220 1674 ⁴.
1271 1627 1426 1673 Hunc
1443 1626 1673 1685 Elafium
1688 1624 1704 1649 3
1719 1626 1986 1686 prouincia

373 1716 472 1760 tota
495 1713 835 1772 subsequitur,·
872 1711 1083 1759 ueniunt
1104 1710 1382 1769 sacerdotes,
1414 1709 1620 1757 occurrit
1642 1710 1799 1757 inscia
1828 1709 1987 1756 multi·

375 1796 504 1856 tudo,
526 1796 777 1856 confestim
797 1796 1056 1843 benedictio
1081 1797 1123 1842 et
1148 1794 1383 1842 sermonis
1408 1793 1569 1841 diuini
1594 1793 1814 1840 doctrina
1846 1788 1851 1854 Ι
1874 1807 1986 1853 pro·
2013 1799 2040 1837 f.
2066 1812 2106 1845 ¹4
2120 1812 2153 1835 a.

365 1879 614 1939 funditur.
691 1879 1063 1939 Recoqnoscunt
1078 1878 1325 1938 populum
1353 1878 1409 1924 in
1441 1892 1506 1937 ea,
1548 1893 1649 1938 qua
1674 1875 1971 1939 reliquerat,

376 1963 653 2010 credulitate
690 1962 980 2020 durantem;
1020 1962 1303 2021 intellequnt
1338 1961 1533 2021 culpam
1568 1974 1665 2008 esse
1690 1975 1978 2021 paucorum,

375 2047 636 2106 inquirunt
659 2049 888 2104 auctores,
908 2045 1224 2104 inuentosque
1243 2044 1566 2092 condemnant
1580 2044 1611 2092 ⁵.
1662 2043 1808 2092 CumG
1828 2044 1984 2092 subito
2014 2048 2066 2084 ib·
2089 2060 2120 2084 ο.
2143 2060 2174 2091 4-

376 2129 611 2188 Elafius3
636 2127 890 2190 pedibus⁷
916 2128 1203 2176 aduoluitur
1224 2128 1534 2186 sacerdotum,
1567 2126 1772 2186 offerens
1796 2128 1978 2187 filium,

378 2212 518 2259 cuius
542 2213 870 2260 necessitatem
893 2212 1005 2272 ipsa
1021 2212 1241 2259 debilitas
1265 2212 1410 2259 etiam
1433 2212 1539 2258 sine
1553 2211 1782 2270 precibus
1800 2211 1987 2272 adleqa·

381 2296 464 2343 bat
480 2312 495 2353 ,·
530 2295 596 2354 fit
631 2296 902 2343 communis
937 2296 1156 2342 omnium
1193 2295 1338 2350 dolor,
1368 2295 1632 2354 praecipue
1667 2295 1980 2356 sacerdotum,

380 2379 464 2438 qui
487 2382 760 2439 conceptam
783 2378 1162 2426 miscricordiam
1195 2378 1260 2425 ad
1289 2378 1513 2425 diuinam
1549 2378 1851 2426 clementiam
1884 2393 1988 2427 con-

379 2462 627 2520 tulerunt;
665 2461 923 2520 statimque
956 2461 1303 2508 adulescentem
1329 2461 1494 2508 beatus
1522 2444 1800 2509 Germanus
1832 2462 1988 2510 sedere

379 2545 611 2604 conpulit,
649 2544 882 2592 adtrectat
914 2544 1151 2603 poplitem
1190 2544 1429 2591 debilitate
1471 2543 1779 2605 curuatunffl,
1825 2549 1870 2592 ct
1901 2561 1988 2606 per

382 2631 481 2675 tota
510 2628 815 2687 infirmitatis
842 2628 1001 2687 spatia
1029 2627 1328 2674 medicabilis
1357 2627 1545 2674 dextera
1574 2629 1829 2688 percurrit,
1861 2630 1987 2677 salu-

382 2711 613 2772 bremque
662 2713 846 2758 tactum
892 2711 1083 2757 sanitas
1121 2709 1312 2770 festina
1360 2709 1679 2769 subsequitur.
1758 2710 1989 2761 Ariditas

380 2809 563 2853 sucimn,
605 2795 749 2841 nerui
785 2793 944 2853 officia
978 2795 1269 2853 receperunt,
1309 2796 1353 2840 et
1388 2794 1442 2839 in
1478 2796 1732 2854 conspectu
1768 2796 1986 2842 omnium

375 2877 482 2933 filio
531 2877 839 2925 incolumitas
855 2876 883 2937 ⁹,
943 2878 1078 2937 patri
1127 2877 1272 2936 filius
1329 2874 1638 2924 restituitur.
1720 2877 1986 2937 Inplentur

438 3026 451 3049 ¹
482 3028 635 3066 obten-
657 3026 731 3067 Ml.
754 3028 800 3067 G.
972 3026 987 3049 ²
1015 3027 1151 3078 petiit
1173 3027 1230 3065 M.
1252 3026 1326 3076 Hl.
1511 3026 1526 3049 3
1555 3027 1740 3075 elabius,
1764 3029 1909 3067 -bium
1931 3029 1982 3068 N.

383 3092 396 3114 4
427 3094 488 3131 sic
511 3093 566 3132 M.
591 3094 664 3142 HI.
688 3094 825 3132 Const
847 3107 857 3142 ;
889 3094 1074 3133 -bantur
1097 3092 1143 3132 C.
1167 3092 1215 3131 B.
1242 3093 1293 3131 N.
1629 3093 1642 3114 ⁵
1673 3094 1895 3133 damnant
1915 3095 1983 3136 13¹.

381 3157 395 3177 ὓ
425 3162 561 3197 altered
581 3164 614 3197 to
634 3160 733 3197 tum
756 3159 805 3199 B.
954 3158 968 3180 ⁷
998 3160 1210 3198 manibus
1232 3160 1379 3199 Const.
1516 3159 1531 3182 ⁸
1558 3161 1796 3199 curbatmn
1818 3160 1889 3201 M1.
1915 3160 1983 3201 N1.

383 3224 396 3245 '³
427 3225 671 3263 incolumis
692 3225 737 3264 C.
763 3222 828 3264 B2.
