<?xml version="1.0" encoding="UTF-8"?>
<!DOCTYPE html PUBLIC "-//W3C//DTD XHTML 1.0 Transitional//EN"
    "http://www.w3.org/TR/xhtml1/DTD/xhtml1-transitional.dtd">
<html xmlns="http://www.w3.org/1999/xhtml" xml:lang="en" lang="en">
 <head>
  <title>
</title>
<meta http-equiv="Content-Type" content="text/html;charset=utf-8" />
  <meta name='ocr-system' content='tesseract 3.04.00' />
  <meta name='ocr-capabilities' content='ocr_page ocr_carea ocr_par ocr_line ocrx_word'/>
</head>
<body>
  <div class='ocr_page' id='page_1' title='image "./venerabilisbaeda01bede_0300.png"; bbox 0 0 2240 3444; ppageno 0'>
   <div class='ocr_carea' id='block_1_1' title="bbox 371 124 1967 196">
    <p class='ocr_par' dir='ltr' id='par_1_1' title="bbox 371 124 1967 196">
     <span class='ocr_line' id='line_1_1' title="bbox 371 124 1967 196; baseline 0.001 -7"><span class='ocrx_word' id='word_1_1' title='bbox 371 139 473 191; x_wconf 77' lang='lat'><em>102</em></span> <span class='ocrx_word' id='word_1_2' title='bbox 500 124 502 127; x_wconf 26' lang='lat'>⁵</span> <span class='ocrx_word' id='word_1_3' title='bbox 827 134 1091 188; x_wconf 82' lang='lat' dir='ltr'><em>Historia</em></span> <span class='ocrx_word' id='word_1_4' title='bbox 1129 133 1519 188; x_wconf 81' lang='lat' dir='ltr'><em>Ecclesiastica</em></span> <span class='ocrx_word' id='word_1_5' title='bbox 1783 143 1891 196; x_wconf 77' lang='lat' dir='ltr'><em>[Lm.</em></span> <span class='ocrx_word' id='word_1_6' title='bbox 1915 147 1967 190; x_wconf 88' lang='lat'><em>11.</em></span> 
     </span>
    </p>
   </div>
   <div class='ocr_carea' id='block_1_2' title="bbox 349 278 2212 2679">
    <p class='ocr_par' dir='ltr' id='par_1_2' title="bbox 350 278 1971 1009">
     <span class='ocr_line' id='line_1_2' title="bbox 370 278 1971 341; baseline -0.002 -10"><span class='ocrx_word' id='word_1_7' title='bbox 370 282 511 331; x_wconf 87' lang='lat' dir='ltr'><em>Unde</em></span> <span class='ocrx_word' id='word_1_8' title='bbox 531 281 781 341; x_wconf 87' lang='lat' dir='ltr'><em>praesenti</em></span> <span class='ocrx_word' id='word_1_9' title='bbox 808 281 918 328; x_wconf 85' lang='lat' dir='ltr'><em>stilo</em></span> <span class='ocrx_word' id='word_1_10' title='bbox 948 281 1178 341; x_wconf 74' lang='lat' dir='ltr'><em>qloriosos</em></span> <span class='ocrx_word' id='word_1_11' title='bbox 1212 294 1301 327; x_wconf 91' lang='lat' dir='ltr'><em>uos</em></span> <span class='ocrx_word' id='word_1_12' title='bbox 1338 278 1666 327; x_wconf 72' lang='lat' dir='ltr'><em>adliffltandos</em></span> <span class='ocrx_word' id='word_1_13' title='bbox 1699 293 1809 326; x_wconf 91' lang='lat' dir='ltr'><em>cum</em></span> <span class='ocrx_word' id='word_1_14' title='bbox 1837 280 1971 327; x_wconf 88' lang='lat' dir='ltr'><em>omni</em></span> 
     </span>
     <span class='ocr_line' id='line_1_3' title="bbox 361 363 1970 424; baseline -0.001 -11"><span class='ocrx_word' id='word_1_15' title='bbox 361 365 542 424; x_wconf 85' lang='lat' dir='ltr'><em>affectu</em></span> <span class='ocrx_word' id='word_1_16' title='bbox 569 365 775 412; x_wconf 85' lang='lat' dir='ltr'><em>intimae</em></span> <span class='ocrx_word' id='word_1_17' title='bbox 804 364 1024 412; x_wconf 88' lang='lat' dir='ltr'><em>caritatis</em></span> <span class='ocrx_word' id='word_1_18' title='bbox 1054 363 1371 421; x_wconf 82' lang='lat' dir='ltr'><em>curauimus,·</em></span> <span class='ocrx_word' id='word_1_19' title='bbox 1410 363 1644 422; x_wconf 87' lang='lat' dir='ltr'><em>qua-tinus</em></span> <span class='ocrx_word' id='word_1_20' title='bbox 1677 363 1970 411; x_wconf 86' lang='lat' dir='ltr'><em>abominatis</em></span> 
     </span>
     <span class='ocr_line' id='line_1_4' title="bbox 361 445 1961 508; baseline -0.002 -12"><span class='ocrx_word' id='word_1_21' title='bbox 361 449 505 496; x_wconf 90' lang='lat' dir='ltr'><em>idolis</em></span> <span class='ocrx_word' id='word_1_22' title='bbox 548 463 802 508; x_wconf 80' lang='lat' dir='ltr'><em>eorumque</em></span> <span class='ocrx_word' id='word_1_23' title='bbox 850 449 994 508; x_wconf 76' lang='lat' dir='ltr'><em>cultu,</em></span> <span class='ocrx_word' id='word_1_24' title='bbox 1048 447 1309 507; x_wconf 72' lang='lat' dir='ltr'><em>spretisque</em></span> <span class='ocrx_word' id='word_1_25' title='bbox 1348 446 1593 506; x_wconf 89' lang='lat' dir='ltr'><em>fanorum</em></span> <span class='ocrx_word' id='word_1_26' title='bbox 1624 445 1961 506; x_wconf 72' lang='lat' dir='ltr'><em>fatuitatibus,</em></span> 
     </span>
     <span class='ocr_line' id='line_1_5' title="bbox 362 527 1969 593; baseline -0.002 -14"><span class='ocrx_word' id='word_1_27' title='bbox 362 536 405 580; x_wconf 85' lang='lat' dir='ltr'><em>et</em></span> <span class='ocrx_word' id='word_1_28' title='bbox 448 533 766 593; x_wconf 79' lang='lat' dir='ltr'><em>auquriorum</em></span> <span class='ocrx_word' id='word_1_29' title='bbox 810 531 1181 590; x_wconf 72' lang='lat' dir='ltr'><em>deceptabilibus</em></span> <span class='ocrx_word' id='word_1_30' title='bbox 1199 527 1214 550; x_wconf 76' lang='lat'>¹</span> <span class='ocrx_word' id='word_1_31' title='bbox 1259 529 1618 588; x_wconf 67' lang='lat' dir='ltr'><em>blandimentis,</em></span> <span class='ocrx_word' id='word_1_32' title='bbox 1667 529 1874 576; x_wconf 85' lang='lat' dir='ltr'><em>credatis</em></span> <span class='ocrx_word' id='word_1_33' title='bbox 1913 529 1969 576; x_wconf 88' lang='lat' dir='ltr'><em>in</em></span> 
     </span>
     <span class='ocr_line' id='line_1_6' title="bbox 360 611 1969 673; baseline -0.002 -9"><span class='ocrx_word' id='word_1_34' title='bbox 360 617 526 664; x_wconf 86' lang='lat' dir='ltr'><em>Deum</em></span> <span class='ocrx_word' id='word_1_35' title='bbox 548 616 748 663; x_wconf 86' lang='lat' dir='ltr'><em>Patrem</em></span> <span class='ocrx_word' id='word_1_36' title='bbox 773 615 1156 673; x_wconf 82' lang='lat' dir='ltr'><em>omnipotentem,</em></span> <span class='ocrx_word' id='word_1_37' title='bbox 1184 613 1377 672; x_wconf 88' lang='lat' dir='ltr'><em>eiusque</em></span> <span class='ocrx_word' id='word_1_38' title='bbox 1400 613 1592 660; x_wconf 84' lang='lat' dir='ltr'><em>Filium</em></span> <span class='ocrx_word' id='word_1_39' title='bbox 1610 613 1781 660; x_wconf 88' lang='lat' dir='ltr'><em>Iesum</em></span> <span class='ocrx_word' id='word_1_40' title='bbox 1809 611 1969 660; x_wconf 65' lang='lat' dir='ltr'><em>Claris-</em></span> 
     </span>
     <span class='ocr_line' id='line_1_7' title="bbox 362 696 1969 759; baseline -0.002 -12"><span class='ocrx_word' id='word_1_41' title='bbox 362 704 480 759; x_wconf 81' lang='lat' dir='ltr'><em>tum‚</em></span> <span class='ocrx_word' id='word_1_42' title='bbox 527 703 571 747; x_wconf 92' lang='lat' dir='ltr'><em>et</em></span> <span class='ocrx_word' id='word_1_43' title='bbox 617 699 857 758; x_wconf 80' lang='lat' dir='ltr'><em>Spiritum</em></span> <span class='ocrx_word' id='word_1_44' title='bbox 903 697 1151 757; x_wconf 80' lang='lat' dir='ltr'><em>Sanctum,</em></span> <span class='ocrx_word' id='word_1_45' title='bbox 1207 700 1263 744; x_wconf 88' lang='lat' dir='ltr'><em>ut</em></span> <span class='ocrx_word' id='word_1_46' title='bbox 1315 697 1568 756; x_wconf 87' lang='lat' dir='ltr'><em>credentes,</em></span> <span class='ocrx_word' id='word_1_47' title='bbox 1624 711 1655 743; x_wconf 89' lang='lat' dir='ltr'><em>a</em></span> <span class='ocrx_word' id='word_1_48' title='bbox 1703 696 1969 744; x_wconf 85' lang='lat' dir='ltr'><em>diabolicae</em></span> 
     </span>
     <span class='ocr_line' id='line_1_8' title="bbox 362 779 1969 843; baseline -0.003 -13"><span class='ocrx_word' id='word_1_49' title='bbox 362 783 663 843; x_wconf 83' lang='lat' dir='ltr'><em>captiuitatis</em></span> <span class='ocrx_word' id='word_1_50' title='bbox 699 782 916 841; x_wconf 60' lang='lat' dir='ltr'><em>nedibus,</em></span> <span class='ocrx_word' id='word_1_51' title='bbox 955 784 1151 829; x_wconf 88' lang='lat' dir='ltr'><em>sanetae</em></span> <span class='ocrx_word' id='word_1_52' title='bbox 1190 784 1235 828; x_wconf 89' lang='lat' dir='ltr'><em>et</em></span> <span class='ocrx_word' id='word_1_53' title='bbox 1270 780 1566 827; x_wconf 85' lang='lat' dir='ltr'><em>indiuiduae</em></span> <span class='ocrx_word' id='word_1_54' title='bbox 1602 779 1864 826; x_wconf 68' lang='lat' dir='ltr'><em>Trinitatis</em></span> <span class='ocrx_word' id='word_1_55' title='bbox 1902 793 1969 826; x_wconf 95' lang='lat' dir='ltr'><em>co-</em></span> 
     </span>
     <span class='ocr_line' id='line_1_9' title="bbox 361 862 1970 926; baseline -0.002 -13"><span class='ocrx_word' id='word_1_56' title='bbox 361 869 584 926; x_wconf 86' lang='lat' dir='ltr'><em>operante</em></span> <span class='ocrx_word' id='word_1_57' title='bbox 625 866 860 925; x_wconf 79' lang='lat' dir='ltr'><em>potentia,</em></span> <span class='ocrx_word' id='word_1_58' title='bbox 915 864 1134 923; x_wconf 85' lang='lat' dir='ltr'><em>absoluti,</em></span> <span class='ocrx_word' id='word_1_59' title='bbox 1190 866 1412 911; x_wconf 77' lang='lat' dir='ltr'><em>aeternae</em></span> <span class='ocrx_word' id='word_1_60' title='bbox 1459 863 1595 910; x_wconf 88' lang='lat' dir='ltr'><em>uitae</em></span> <span class='ocrx_word' id='word_1_61' title='bbox 1631 862 1834 922; x_wconf 87' lang='lat' dir='ltr'><em>possitis</em></span> <span class='ocrx_word' id='word_1_62' title='bbox 1872 876 1970 910; x_wconf 90' lang='lat' dir='ltr'><em>esse</em></span> 
     </span>
     <span class='ocr_line' id='line_1_10' title="bbox 350 950 630 1009; baseline 0 -13"><span class='ocrx_word' id='word_1_63' title='bbox 350 950 630 1009; x_wconf 70' lang='lat' dir='ltr'><em>participes.</em></span> 
     </span>
    </p>

    <p class='ocr_par' dir='ltr' id='par_1_3' title="bbox 349 1030 2212 2679">
     <span class='ocr_line' id='line_1_11' title="bbox 433 1030 1970 1094; baseline -0.002 -14"><span class='ocrx_word' id='word_1_64' title='bbox 433 1033 629 1094; x_wconf 74' lang='lat' dir='ltr'><em>Quanta</em></span> <span class='ocrx_word' id='word_1_65' title='bbox 682 1036 845 1079; x_wconf 90' lang='lat' dir='ltr'><em>autem</em></span> <span class='ocrx_word' id='word_1_66' title='bbox 892 1030 1208 1079; x_wconf 79' lang='lat' dir='ltr'><em>reatitudinis</em></span> <span class='ocrx_word' id='word_1_67' title='bbox 1255 1031 1397 1090; x_wconf 88' lang='lat' dir='ltr'><em>culpa</em></span> <span class='ocrx_word' id='word_1_68' title='bbox 1444 1033 1702 1077; x_wconf 85' lang='lat' dir='ltr'><em>teneantur</em></span> <span class='ocrx_word' id='word_1_69' title='bbox 1756 1030 1970 1078; x_wconf 82' lang='lat' dir='ltr'><em>obstricti</em></span> 
     </span>
     <span class='ocr_line' id='line_1_12' title="bbox 361 1113 1968 1176; baseline -0.001 -13"><span class='ocrx_word' id='word_1_70' title='bbox 361 1116 425 1176; x_wconf 77' lang='lat' dir='ltr'><em>lii,</em></span> <span class='ocrx_word' id='word_1_71' title='bbox 469 1117 553 1176; x_wconf 85' lang='lat' dir='ltr'><em>qui</em></span> <span class='ocrx_word' id='word_1_72' title='bbox 594 1116 940 1163; x_wconf 76' lang='lat' dir='ltr'><em>idolatriarum</em></span> <span class='ocrx_word' id='word_1_73' title='bbox 971 1114 1442 1173; x_wconf 75' lang='lat' dir='ltr'><em>perniciosissimam</em></span> <span class='ocrx_word' id='word_1_74' title='bbox 1476 1113 1865 1173; x_wconf 82' lang='lat' dir='ltr'><em>superstitionem</em></span> <span class='ocrx_word' id='word_1_75' title='bbox 1901 1128 1968 1161; x_wconf 86' lang='lat' dir='ltr'><em>co-</em></span> 
     </span>
     <span class='ocr_line' id='line_1_13' title="bbox 362 1198 1970 1259; baseline -0.001 -12"><span class='ocrx_word' id='word_1_76' title='bbox 362 1201 508 1247; x_wconf 80' lang='lat' dir='ltr'><em>lentes</em></span> <span class='ocrx_word' id='word_1_77' title='bbox 557 1200 926 1259; x_wconf 78' lang='lat' dir='ltr'><em>amplectuntur,</em></span> <span class='ocrx_word' id='word_1_78' title='bbox 983 1213 1160 1258; x_wconf 83' lang='lat' dir='ltr'><em>eorum,</em></span> <span class='ocrx_word' id='word_1_79' title='bbox 1216 1213 1334 1258; x_wconf 89' lang='lat' dir='ltr'><em>quos</em></span> <span class='ocrx_word' id='word_1_80' title='bbox 1386 1199 1559 1258; x_wconf 87' lang='lat' dir='ltr'><em>colunt,</em></span> <span class='ocrx_word' id='word_1_81' title='bbox 1617 1198 1827 1257; x_wconf 69' lang='lat' dir='ltr'><em>exempla</em></span> <span class='ocrx_word' id='word_1_82' title='bbox 1863 1212 1970 1257; x_wconf 88' lang='lat' dir='ltr'><em>per-</em></span> 
     </span>
     <span class='ocr_line' id='line_1_14' title="bbox 362 1281 1968 1341; baseline -0.001 -11"><span class='ocrx_word' id='word_1_83' title='bbox 362 1283 564 1330; x_wconf 84' lang='lat' dir='ltr'><em>ditionis</em></span> <span class='ocrx_word' id='word_1_84' title='bbox 600 1284 891 1340; x_wconf 71' lang='lat' dir='ltr'><em>insinuant5</em></span> <span class='ocrx_word' id='word_1_85' title='bbox 935 1282 1066 1329; x_wconf 92' lang='lat' dir='ltr'><em>unde</em></span> <span class='ocrx_word' id='word_1_86' title='bbox 1110 1281 1166 1329; x_wconf 89' lang='lat' dir='ltr'><em>de</em></span> <span class='ocrx_word' id='word_1_87' title='bbox 1200 1282 1268 1329; x_wconf 90' lang='lat' dir='ltr'><em>eis</em></span> <span class='ocrx_word' id='word_1_88' title='bbox 1289 1296 1381 1341; x_wconf 87' lang='lat' dir='ltr'><em>per</em></span> <span class='ocrx_word' id='word_1_89' title='bbox 1405 1281 1721 1341; x_wconf 80' lang='lat' dir='ltr'><em>psalmistam</em></span> <span class='ocrx_word' id='word_1_90' title='bbox 1756 1282 1968 1329; x_wconf 82' lang='lat' dir='ltr'><em>dieitur.-</em></span> 
     </span>
     <span class='ocr_line' id='line_1_15' title="bbox 367 1365 2212 1426; baseline -0.004 -11"><span class='ocrx_word' id='word_1_91' title='bbox 367 1366 574 1415; x_wconf 77' lang='lat' dir='ltr'><em>‘Omnes</em></span> <span class='ocrx_word' id='word_1_92' title='bbox 623 1366 694 1412; x_wconf 83' lang='lat' dir='ltr'><em>dii</em></span> <span class='ocrx_word' id='word_1_93' title='bbox 738 1366 959 1426; x_wconf 71' lang='lat' dir='ltr'><em>qentium</em></span> <span class='ocrx_word' id='word_1_94' title='bbox 1008 1365 1278 1425; x_wconf 76' lang='lat' dir='ltr'><em>daemonia,</em></span> <span class='ocrx_word' id='word_1_95' title='bbox 1322 1365 1569 1412; x_wconf 85' lang='lat' dir='ltr'><em>Dominus</em></span> <span class='ocrx_word' id='word_1_96' title='bbox 1607 1368 1770 1412; x_wconf 89' lang='lat' dir='ltr'><em>autem</em></span> <span class='ocrx_word' id='word_1_97' title='bbox 1817 1366 1970 1413; x_wconf 89' lang='lat' dir='ltr'><em>caelos</em></span> <span class='ocrx_word' id='word_1_98' title='bbox 1998 1374 2165 1409; x_wconf 66' lang='lat' dir='ltr'><em>Psxov.</em></span> <span class='ocrx_word' id='word_1_99' title='bbox 2181 1385 2212 1419; x_wconf 81' lang='lat'><em>5-</em></span> 
     </span>
     <span class='ocr_line' id='line_1_16' title="bbox 353 1447 2189 1509; baseline -0.001 -12"><span class='ocrx_word' id='word_1_100' title='bbox 353 1449 512 1509; x_wconf 83' lang='lat' dir='ltr'><em>fccit.’</em></span> <span class='ocrx_word' id='word_1_101' title='bbox 584 1450 656 1496; x_wconf 90' lang='lat' dir='ltr'><em>Et</em></span> <span class='ocrx_word' id='word_1_102' title='bbox 704 1449 918 1496; x_wconf 87' lang='lat' dir='ltr'><em>iterum:</em></span> <span class='ocrx_word' id='word_1_103' title='bbox 987 1447 1192 1497; x_wconf 77' lang='lat' dir='ltr'><em>‘Oculos</em></span> <span class='ocrx_word' id='word_1_104' title='bbox 1237 1448 1426 1508; x_wconf 78' lang='lat' dir='ltr'><em>liabent,</em></span> <span class='ocrx_word' id='word_1_105' title='bbox 1483 1451 1529 1496; x_wconf 90' lang='lat' dir='ltr'><em>et</em></span> <span class='ocrx_word' id='word_1_106' title='bbox 1579 1463 1678 1496; x_wconf 90' lang='lat' dir='ltr'><em>non</em></span> <span class='ocrx_word' id='word_1_107' title='bbox 1724 1447 1962 1508; x_wconf 78' lang='lat' dir='ltr'><em>uident²;</em></span> <span class='ocrx_word' id='word_1_108' title='bbox 1997 1447 2059 1483; x_wconf 87' lang='lat' dir='ltr'><em>Ps.</em></span> <span class='ocrx_word' id='word_1_109' title='bbox 2082 1447 2189 1483; x_wconf 78' lang='lat' dir='ltr'><em>cxiii.</em></span> 
     </span>
     <span class='ocr_line' id='line_1_17' title="bbox 364 1501 2075 1593; baseline -0.001 -11"><span class='ocrx_word' id='word_1_110' title='bbox 364 1548 506 1582; x_wconf 91' lang='lat' dir='ltr'><em>aures</em></span> <span class='ocrx_word' id='word_1_111' title='bbox 547 1534 735 1593; x_wconf 77' lang='lat' dir='ltr'><em>liabent,</em></span> <span class='ocrx_word' id='word_1_112' title='bbox 785 1536 830 1580; x_wconf 91' lang='lat' dir='ltr'><em>et</em></span> <span class='ocrx_word' id='word_1_113' title='bbox 869 1547 970 1580; x_wconf 90' lang='lat' dir='ltr'><em>non</em></span> <span class='ocrx_word' id='word_1_114' title='bbox 1019 1532 1306 1591; x_wconf 73' lang='lat' dir='ltr'><em>audiunt³;</em></span> <span class='ocrx_word' id='word_1_115' title='bbox 1344 1547 1489 1580; x_wconf 84' lang='lat' dir='ltr'><em>nares</em></span> <span class='ocrx_word' id='word_1_116' title='bbox 1535 1533 1731 1592; x_wconf 77' lang='lat' dir='ltr'><em>liabent,</em></span> <span class='ocrx_word' id='word_1_117' title='bbox 1777 1536 1820 1580; x_wconf 91' lang='lat' dir='ltr'><em>ct</em></span> <span class='ocrx_word' id='word_1_118' title='bbox 1865 1548 1968 1580; x_wconf 93' lang='lat' dir='ltr'><em>non</em></span> <span class='ocrx_word' id='word_1_119' title='bbox 1996 1501 2075 1543; x_wconf 55' lang='lat'><strong>5-8&#39;</strong></span> 
     </span>
     <span class='ocr_line' id='line_1_18' title="bbox 363 1616 1968 1677; baseline 0 -13"><span class='ocrx_word' id='word_1_120' title='bbox 363 1618 669 1675; x_wconf 81' lang='lat' dir='ltr'><em>odorabunt;</em></span> <span class='ocrx_word' id='word_1_121' title='bbox 732 1631 911 1664; x_wconf 87' lang='lat' dir='ltr'><em>manus</em></span> <span class='ocrx_word' id='word_1_122' title='bbox 965 1616 1155 1675; x_wconf 77' lang='lat' dir='ltr'><em>liabent,</em></span> <span class='ocrx_word' id='word_1_123' title='bbox 1219 1619 1264 1664; x_wconf 87' lang='lat' dir='ltr'><em>et</em></span> <span class='ocrx_word' id='word_1_124' title='bbox 1317 1631 1417 1663; x_wconf 92' lang='lat' dir='ltr'><em>non</em></span> <span class='ocrx_word' id='word_1_125' title='bbox 1456 1617 1731 1677; x_wconf 87' lang='lat' dir='ltr'><em>palpabunt</em></span> <span class='ocrx_word' id='word_1_126' title='bbox 1752 1633 1767 1675; x_wconf 88' lang='grc'><em>,·</em></span> <span class='ocrx_word' id='word_1_127' title='bbox 1817 1617 1968 1676; x_wconf 87' lang='lat' dir='ltr'><em>pedes</em></span> 
     </span>
     <span class='ocr_line' id='line_1_19' title="bbox 365 1700 1961 1762; baseline 0 -14"><span class='ocrx_word' id='word_1_128' title='bbox 365 1701 554 1761; x_wconf 80' lang='lat' dir='ltr'><em>liabent⁷</em></span> <span class='ocrx_word' id='word_1_129' title='bbox 599 1704 642 1748; x_wconf 91' lang='lat' dir='ltr'><em>et</em></span> <span class='ocrx_word' id='word_1_130' title='bbox 678 1716 776 1748; x_wconf 88' lang='lat' dir='ltr'><em>non</em></span> <span class='ocrx_word' id='word_1_131' title='bbox 814 1700 1169 1759; x_wconf 84' lang='lat' dir='ltr'><em>ambulabunt;</em></span> <span class='ocrx_word' id='word_1_132' title='bbox 1208 1700 1390 1747; x_wconf 89' lang='lat' dir='ltr'><em>similes</em></span> <span class='ocrx_word' id='word_1_133' title='bbox 1424 1715 1530 1762; x_wconf 72' lang='lat' dir='ltr'><em>erqo</em></span> <span class='ocrx_word' id='word_1_134' title='bbox 1563 1701 1842 1760; x_wconf 86' lang='lat' dir='ltr'><em>efficiuntur</em></span> <span class='ocrx_word' id='word_1_135' title='bbox 1872 1701 1961 1760; x_wconf 73' lang='lat' dir='ltr'><em>liis,</em></span> 
     </span>
     <span class='ocr_line' id='line_1_20' title="bbox 363 1783 1968 1845; baseline 0 -14"><span class='ocrx_word' id='word_1_136' title='bbox 363 1785 447 1844; x_wconf 87' lang='lat' dir='ltr'><em>qui</em></span> <span class='ocrx_word' id='word_1_137' title='bbox 485 1799 616 1844; x_wconf 88' lang='lat' dir='ltr'><em>spem</em></span> <span class='ocrx_word' id='word_1_138' title='bbox 648 1799 766 1832; x_wconf 90' lang='lat' dir='ltr'><em>suae</em></span> <span class='ocrx_word' id='word_1_139' title='bbox 804 1784 1126 1843; x_wconf 82' lang='lat' dir='ltr'><em>confidentiae</em></span> <span class='ocrx_word' id='word_1_140' title='bbox 1151 1787 1346 1843; x_wconf 90' lang='lat' dir='ltr'><em>ponunt</em></span> <span class='ocrx_word' id='word_1_141' title='bbox 1383 1785 1437 1831; x_wconf 88' lang='lat' dir='ltr'><em>in</em></span> <span class='ocrx_word' id='word_1_142' title='bbox 1478 1785 1546 1831; x_wconf 87' lang='lat' dir='ltr'><em>eis</em></span> <span class='ocrx_word' id='word_1_143' title='bbox 1565 1783 1612 1828; x_wconf 58' lang='lat'><em>4?</em></span> <span class='ocrx_word' id='word_1_144' title='bbox 1687 1783 1968 1845; x_wconf 77' lang='lat' dir='ltr'><em>Quomodo⁵</em></span> 
     </span>
     <span class='ocr_line' id='line_1_21' title="bbox 364 1868 1972 1928; baseline 0.001 -13"><span class='ocrx_word' id='word_1_145' title='bbox 364 1869 493 1916; x_wconf 85' lang='lat' dir='ltr'><em>enim</em></span> <span class='ocrx_word' id='word_1_146' title='bbox 529 1868 743 1915; x_wconf 85' lang='lat' dir='ltr'><em>iuuandi</em></span> <span class='ocrx_word' id='word_1_147' title='bbox 779 1868 1034 1928; x_wconf 76' lang='lat' dir='ltr'><em>quemlibet</em></span> <span class='ocrx_word' id='word_1_148' title='bbox 1059 1871 1270 1927; x_wconf 82' lang='lat' dir='ltr'><em>possunt</em></span> <span class='ocrx_word' id='word_1_149' title='bbox 1306 1868 1479 1916; x_wconf 76' lang='lat' dir='ltr'><em>habere</em></span> <span class='ocrx_word' id='word_1_150' title='bbox 1513 1868 1748 1915; x_wconf 88' lang='lat' dir='ltr'><em>uirtutem</em></span> <span class='ocrx_word' id='word_1_151' title='bbox 1783 1869 1847 1928; x_wconf 77' lang='lat' dir='ltr'><em>lii,</em></span> <span class='ocrx_word' id='word_1_152' title='bbox 1887 1869 1972 1928; x_wconf 87' lang='lat' dir='ltr'><em>qui</em></span> 
     </span>
     <span class='ocr_line' id='line_1_22' title="bbox 363 1951 1970 2012; baseline 0 -14"><span class='ocrx_word' id='word_1_153' title='bbox 363 1966 418 1999; x_wconf 67' lang='lat' dir='ltr'><em>ex</em></span> <span class='ocrx_word' id='word_1_154' title='bbox 455 1952 755 2011; x_wconf 75' lang='lat' dir='ltr'><em>corruptibili</em></span> <span class='ocrx_word' id='word_1_155' title='bbox 786 1952 993 1998; x_wconf 85' lang='lat' dir='ltr'><em>materia</em></span> <span class='ocrx_word' id='word_1_156' title='bbox 1024 1951 1314 2011; x_wconf 86' lang='lat' dir='ltr'><em>inferiorum</em></span> <span class='ocrx_word' id='word_1_157' title='bbox 1348 1952 1495 1999; x_wconf 89' lang='lat' dir='ltr'><em>etiam</em></span> <span class='ocrx_word' id='word_1_158' title='bbox 1524 1952 1970 2012; x_wconf 76' lang='lat' dir='ltr'><em>subpositorumque</em></span> 
     </span>
     <span class='ocr_line' id='line_1_23' title="bbox 363 2035 1970 2095; baseline 0.001 -14"><span class='ocrx_word' id='word_1_159' title='bbox 363 2035 452 2082; x_wconf 88' lang='lat' dir='ltr'><em>tibi</em></span> <span class='ocrx_word' id='word_1_160' title='bbox 499 2035 727 2082; x_wconf 87' lang='lat' dir='ltr'><em>manibus</em></span> <span class='ocrx_word' id='word_1_161' title='bbox 768 2038 1122 2082; x_wconf 86' lang='lat' dir='ltr'><em>construuntur</em></span> <span class='ocrx_word' id='word_1_162' title='bbox 1137 2052 1151 2093; x_wconf 86' lang='grc'><em>,·</em></span> <span class='ocrx_word' id='word_1_163' title='bbox 1213 2036 1389 2094; x_wconf 88' lang='lat' dir='ltr'><em>quibus</em></span> <span class='ocrx_word' id='word_1_164' title='bbox 1434 2036 1656 2083; x_wconf 89' lang='lat' dir='ltr'><em>uidelicet</em></span> <span class='ocrx_word' id='word_1_165' title='bbox 1705 2036 1970 2095; x_wconf 77' lang='lat' dir='ltr'><em>aitificium</em></span> 
     </span>
     <span class='ocr_line' id='line_1_24' title="bbox 362 2117 1969 2166; baseline 0.001 -2"><span class='ocrx_word' id='word_1_166' title='bbox 362 2118 634 2165; x_wconf 75' lang='lat' dir='ltr'><em>humanum</em></span> <span class='ocrx_word' id='word_1_167' title='bbox 695 2117 1070 2166; x_wconf 87' lang='lat' dir='ltr'><em>adcommodans</em></span> <span class='ocrx_word' id='word_1_168' title='bbox 1129 2120 1198 2165; x_wconf 92' lang='lat' dir='ltr'><em>eis</em></span> <span class='ocrx_word' id='word_1_169' title='bbox 1256 2118 1586 2166; x_wconf 83' lang='lat' dir='ltr'><em>inanimatam</em></span> <span class='ocrx_word' id='word_1_170' title='bbox 1644 2119 1969 2165; x_wconf 87' lang='lat' dir='ltr'><em>membrorum</em></span> 
     </span>
     <span class='ocr_line' id='line_1_25' title="bbox 362 2201 1957 2262; baseline 0.001 -15"><span class='ocrx_word' id='word_1_171' title='bbox 362 2201 737 2248; x_wconf 87' lang='lat' dir='ltr'><em>similitudinem</em></span> <span class='ocrx_word' id='word_1_172' title='bbox 779 2201 1056 2259; x_wconf 85' lang='lat' dir='ltr'><em>contulisti;</em></span> <span class='ocrx_word' id='word_1_173' title='bbox 1109 2202 1204 2260; x_wconf 83' lang='lat' dir='ltr'><em>qui,</em></span> <span class='ocrx_word' id='word_1_174' title='bbox 1251 2202 1352 2248; x_wconf 89' lang='lat' dir='ltr'><em>nisi</em></span> <span class='ocrx_word' id='word_1_175' title='bbox 1394 2216 1425 2248; x_wconf 89' lang='lat' dir='ltr'><em>a</em></span> <span class='ocrx_word' id='word_1_176' title='bbox 1467 2205 1511 2248; x_wconf 88' lang='lat' dir='ltr'><em>tc</em></span> <span class='ocrx_word' id='word_1_177' title='bbox 1558 2201 1707 2249; x_wconf 79' lang='lat' dir='ltr'><em>moti⁶</em></span> <span class='ocrx_word' id='word_1_178' title='bbox 1746 2202 1957 2262; x_wconf 77' lang='lat' dir='ltr'><em>fuerint,</em></span> 
     </span>
     <span class='ocr_line' id='line_1_26' title="bbox 363 2284 1967 2344; baseline 0 -12"><span class='ocrx_word' id='word_1_179' title='bbox 363 2284 613 2332; x_wconf 87' lang='lat' dir='ltr'><em>ambulare</em></span> <span class='ocrx_word' id='word_1_180' title='bbox 647 2299 747 2331; x_wconf 88' lang='lat' dir='ltr'><em>non</em></span> <span class='ocrx_word' id='word_1_181' title='bbox 775 2287 1019 2344; x_wconf 80' lang='lat' dir='ltr'><em>poterunt,</em></span> <span class='ocrx_word' id='word_1_182' title='bbox 1061 2284 1145 2331; x_wconf 88' lang='lat' dir='ltr'><em>scd</em></span> <span class='ocrx_word' id='word_1_183' title='bbox 1181 2288 1432 2344; x_wconf 86' lang='lat' dir='ltr'><em>tamquam</em></span> <span class='ocrx_word' id='word_1_184' title='bbox 1473 2285 1599 2344; x_wconf 86' lang='lat' dir='ltr'><em>lapis</em></span> <span class='ocrx_word' id='word_1_185' title='bbox 1638 2286 1696 2332; x_wconf 89' lang='lat' dir='ltr'><em>in</em></span> <span class='ocrx_word' id='word_1_186' title='bbox 1736 2300 1834 2332; x_wconf 86' lang='lat' dir='ltr'><em>uno</em></span> <span class='ocrx_word' id='word_1_187' title='bbox 1870 2286 1967 2332; x_wconf 89' lang='lat' dir='ltr'><em>loco</em></span> 
     </span>
     <span class='ocr_line' id='line_1_27' title="bbox 349 2368 1964 2428; baseline 0.001 -14"><span class='ocrx_word' id='word_1_188' title='bbox 349 2368 527 2427; x_wconf 81' lang='lat' dir='ltr'><em>posita,</em></span> <span class='ocrx_word' id='word_1_189' title='bbox 560 2368 631 2414; x_wconf 90' lang='lat' dir='ltr'><em>ita</em></span> <span class='ocrx_word' id='word_1_190' title='bbox 657 2368 919 2415; x_wconf 84' lang='lat' dir='ltr'><em>constructi</em></span> <span class='ocrx_word' id='word_1_191' title='bbox 941 2368 1157 2427; x_wconf 73' lang='lat' dir='ltr'><em>nihilque</em></span> <span class='ocrx_word' id='word_1_192' title='bbox 1186 2368 1539 2428; x_wconf 74' lang='lat' dir='ltr'><em>intelleqentiac</em></span> <span class='ocrx_word' id='word_1_193' title='bbox 1567 2368 1804 2428; x_wconf 77' lang='lat' dir='ltr'><em>babentes,</em></span> <span class='ocrx_word' id='word_1_194' title='bbox 1838 2370 1964 2428; x_wconf 84' lang='lat' dir='ltr'><em>ipsa-</em></span> 
     </span>
     <span class='ocr_line' id='line_1_28' title="bbox 359 2450 1966 2512; baseline 0.002 -16"><span class='ocrx_word' id='word_1_195' title='bbox 359 2465 449 2509; x_wconf 89' lang='lat' dir='ltr'><em>que</em></span> <span class='ocrx_word' id='word_1_196' title='bbox 491 2450 864 2498; x_wconf 83' lang='lat' dir='ltr'><em>insensibilitate</em></span> <span class='ocrx_word' id='word_1_197' title='bbox 911 2451 1084 2509; x_wconf 70' lang='lat' dir='ltr'><em>obruti,</em></span> <span class='ocrx_word' id='word_1_198' title='bbox 1137 2451 1326 2498; x_wconf 90' lang='lat' dir='ltr'><em>nullam</em></span> <span class='ocrx_word' id='word_1_199' title='bbox 1372 2465 1527 2510; x_wconf 86' lang='lat' dir='ltr'><em>neque</em></span> <span class='ocrx_word' id='word_1_200' title='bbox 1576 2452 1769 2499; x_wconf 84' lang='lat' dir='ltr'><em>ledendi</em></span> <span class='ocrx_word' id='word_1_201' title='bbox 1813 2467 1966 2512; x_wconf 85' lang='lat' dir='ltr'><em>neque</em></span> 
     </span>
     <span class='ocr_line' id='line_1_29' title="bbox 360 2533 1965 2595; baseline 0.003 -16"><span class='ocrx_word' id='word_1_202' title='bbox 360 2534 572 2580; x_wconf 89' lang='lat' dir='ltr'><em>iuuandi</em></span> <span class='ocrx_word' id='word_1_203' title='bbox 599 2533 891 2593; x_wconf 82' lang='lat' dir='ltr'><em>facultatem</em></span> <span class='ocrx_word' id='word_1_204' title='bbox 928 2534 1092 2593; x_wconf 87' lang='lat' dir='ltr'><em>adepti</em></span> <span class='ocrx_word' id='word_1_205' title='bbox 1127 2534 1282 2581; x_wconf 74' lang='lat' dir='ltr'><em>sunt?</em></span> <span class='ocrx_word' id='word_1_206' title='bbox 1357 2533 1493 2595; x_wconf 74' lang='lat' dir='ltr'><em>Qua⁷</em></span> <span class='ocrx_word' id='word_1_207' title='bbox 1530 2549 1637 2595; x_wconf 72' lang='lat' dir='ltr'><em>erqo</em></span> <span class='ocrx_word' id='word_1_208' title='bbox 1674 2537 1852 2583; x_wconf 79' lang='lat' dir='ltr'><em>inentis</em></span> <span class='ocrx_word' id='word_1_209' title='bbox 1892 2537 1965 2584; x_wconf 89' lang='lat' dir='ltr'><em>dc-</em></span> 
     </span>
     <span class='ocr_line' id='line_1_30' title="bbox 363 2617 1966 2679; baseline 0.002 -16"><span class='ocrx_word' id='word_1_210' title='bbox 363 2617 571 2676; x_wconf 85' lang='lat' dir='ltr'><em>ceptione</em></span> <span class='ocrx_word' id='word_1_211' title='bbox 619 2632 694 2664; x_wconf 90' lang='lat' dir='ltr'><em>cos</em></span> <span class='ocrx_word' id='word_1_212' title='bbox 748 2617 870 2677; x_wconf 82' lang='lat' dir='ltr'><em>deos,</em></span> <span class='ocrx_word' id='word_1_213' title='bbox 924 2618 1099 2677; x_wconf 89' lang='lat' dir='ltr'><em>quibus</em></span> <span class='ocrx_word' id='word_1_214' title='bbox 1150 2631 1238 2664; x_wconf 90' lang='lat' dir='ltr'><em>uos</em></span> <span class='ocrx_word' id='word_1_215' title='bbox 1290 2617 1383 2677; x_wconf 85' lang='lat' dir='ltr'><em>ipsi</em></span> <span class='ocrx_word' id='word_1_216' title='bbox 1438 2618 1700 2678; x_wconf 73' lang='lat' dir='ltr'><em>imaqinem</em></span> <span class='ocrx_word' id='word_1_217' title='bbox 1756 2621 1966 2679; x_wconf 79' lang='lat' dir='ltr'><em>coiporis</em></span> 
     </span>
    </p>
   </div>
   <div class='ocr_carea' id='block_1_3' title="bbox 361 2812 1964 3261">
    <p class='ocr_par' dir='ltr' id='par_1_4' title="bbox 361 2812 1964 3261">
     <span class='ocr_line' id='line_1_31' title="bbox 416 2812 1962 2858; baseline 0.005 -7"><span class='ocrx_word' id='word_1_218' title='bbox 416 2813 428 2834; x_wconf 79' lang='lat'><em>¹</em></span> <span class='ocrx_word' id='word_1_219' title='bbox 448 2813 674 2852; x_wconf 75' lang='lat' dir='ltr'><em>-tibilibus</em></span> <span class='ocrx_word' id='word_1_220' title='bbox 698 2812 763 2853; x_wconf 79' lang='lat' dir='ltr'><em>B2.</em></span> <span class='ocrx_word' id='word_1_221' title='bbox 814 2812 829 2834; x_wconf 81' lang='lat'>2</span> <span class='ocrx_word' id='word_1_222' title='bbox 849 2814 1074 2853; x_wconf 73' lang='lat' dir='ltr'><em>uidebunt</em></span> <span class='ocrx_word' id='word_1_223' title='bbox 1097 2815 1143 2854; x_wconf 82' lang='lat' dir='ltr'><em>O.</em></span> <span class='ocrx_word' id='word_1_224' title='bbox 1198 2814 1213 2836; x_wconf 81' lang='lat'>³</span> <span class='ocrx_word' id='word_1_225' title='bbox 1234 2813 1422 2854; x_wconf 72' lang='lat' dir='ltr'><em>audient</em></span> <span class='ocrx_word' id='word_1_226' title='bbox 1446 2815 1491 2854; x_wconf 81' lang='lat' dir='ltr'><em>O.</em></span> <span class='ocrx_word' id='word_1_227' title='bbox 1512 2815 1565 2854; x_wconf 93' lang='lat' dir='ltr'><em>D.</em></span> <span class='ocrx_word' id='word_1_228' title='bbox 1583 2815 1653 2856; x_wconf 92' lang='lat' dir='ltr'><em>W.</em></span> <span class='ocrx_word' id='word_1_229' title='bbox 1698 2814 1712 2838; x_wconf 72' lang='lat'>4</span> <span class='ocrx_word' id='word_1_230' title='bbox 1736 2829 1865 2856; x_wconf 77' lang='lat' dir='ltr'><em>aures</em></span> <span class='ocrx_word' id='word_1_231' title='bbox 1887 2848 1896 2857; x_wconf 91' lang='lat'><strong><em>.</em></strong></span> <span class='ocrx_word' id='word_1_232' title='bbox 1919 2850 1928 2858; x_wconf 91' lang='lat'><strong>.</strong></span> <span class='ocrx_word' id='word_1_233' title='bbox 1954 2849 1962 2858; x_wconf 90' lang='lat'><strong>.</strong></span> 
     </span>
     <span class='ocr_line' id='line_1_32' title="bbox 362 2879 1963 2933; baseline 0.003 -16"><span class='ocrx_word' id='word_1_234' title='bbox 362 2880 410 2917; x_wconf 88' lang='lat' dir='ltr'><em>in</em></span> <span class='ocrx_word' id='word_1_235' title='bbox 432 2879 496 2918; x_wconf 82' lang='lat' dir='ltr'><em>eis</em></span> <span class='ocrx_word' id='word_1_236' title='bbox 516 2882 626 2926; x_wconf 83' lang='lat' dir='ltr'><em>from</em></span> <span class='ocrx_word' id='word_1_237' title='bbox 643 2879 694 2918; x_wconf 90' lang='lat' dir='ltr'><em>B.</em></span> <span class='ocrx_word' id='word_1_238' title='bbox 750 2880 794 2918; x_wconf 92' lang='lat' dir='ltr'>M</span> <span class='ocrx_word' id='word_1_239' title='bbox 816 2884 889 2918; x_wconf 76' lang='lat' dir='ltr'><em>lias</em></span> <span class='ocrx_word' id='word_1_240' title='bbox 909 2892 1002 2918; x_wconf 88' lang='lat' dir='ltr'><em>non</em></span> <span class='ocrx_word' id='word_1_241' title='bbox 1023 2880 1185 2919; x_wconf 72' lang='lat' dir='ltr'><em>uident</em></span> <span class='ocrx_word' id='word_1_242' title='bbox 1215 2882 1260 2919; x_wconf 73' lang='lat' dir='ltr'><em>et</em></span> <span class='ocrx_word' id='word_1_243' title='bbox 1281 2882 1437 2931; x_wconf 75' lang='lat' dir='ltr'><em>cetera,</em></span> <span class='ocrx_word' id='word_1_244' title='bbox 1464 2894 1615 2933; x_wconf 74' lang='lat' dir='ltr'><em>usque,</em></span> <span class='ocrx_word' id='word_1_245' title='bbox 1640 2895 1733 2921; x_wconf 89' lang='lat' dir='ltr'><em>non</em></span> <span class='ocrx_word' id='word_1_246' title='bbox 1763 2883 1963 2922; x_wconf 80' lang='lat' dir='ltr'><em>ambula-</em></span> 
     </span>
     <span class='ocr_line' id='line_1_33' title="bbox 361 2946 1963 2995; baseline 0.003 -12"><span class='ocrx_word' id='word_1_247' title='bbox 361 2946 488 2995; x_wconf 62' lang='lat' dir='ltr'><em>bunt,</em></span> <span class='ocrx_word' id='word_1_248' title='bbox 515 2949 571 2983; x_wconf 77' lang='lat' dir='ltr'><em>the</em></span> <span class='ocrx_word' id='word_1_249' title='bbox 593 2948 668 2983; x_wconf 84' lang='lat' dir='ltr'><em>last</em></span> <span class='ocrx_word' id='word_1_250' title='bbox 689 2950 756 2984; x_wconf 80' lang='lat' dir='ltr'><em>two</em></span> <span class='ocrx_word' id='word_1_251' title='bbox 779 2950 904 2985; x_wconf 76' lang='lat' dir='ltr'><em>words</em></span> <span class='ocrx_word' id='word_1_252' title='bbox 928 2950 1036 2994; x_wconf 80' lang='lat' dir='ltr'><em>beinq</em></span> <span class='ocrx_word' id='word_1_253' title='bbox 1056 2959 1105 2985; x_wconf 86' lang='lat' dir='ltr'><em>on</em></span> <span class='ocrx_word' id='word_1_254' title='bbox 1125 2959 1179 2984; x_wconf 83' lang='lat' dir='ltr'><em>an</em></span> <span class='ocrx_word' id='word_1_255' title='bbox 1204 2959 1356 2986; x_wconf 83' lang='lat' dir='ltr'><em>erasure</em></span> <span class='ocrx_word' id='word_1_256' title='bbox 1371 2962 1386 2994; x_wconf 85' lang='lat'><em>;</em></span> <span class='ocrx_word' id='word_1_257' title='bbox 1417 2951 1516 2995; x_wconf 76' lang='lat' dir='ltr'><em>then,</em></span> <span class='ocrx_word' id='word_1_258' title='bbox 1539 2949 1709 2987; x_wconf 80' lang='lat' dir='ltr'><em>similes</em></span> <span class='ocrx_word' id='word_1_259' title='bbox 1731 2979 1740 2988; x_wconf 93' lang='lat'><strong>.</strong></span> <span class='ocrx_word' id='word_1_260' title='bbox 1765 2981 1773 2989; x_wconf 91' lang='lat'>.</span> <span class='ocrx_word' id='word_1_261' title='bbox 1797 2980 1806 2988; x_wconf 90' lang='lat'><strong>.</strong></span> <span class='ocrx_word' id='word_1_262' title='bbox 1830 2951 1878 2988; x_wconf 88' lang='lat' dir='ltr'><em>in</em></span> <span class='ocrx_word' id='word_1_263' title='bbox 1899 2950 1963 2988; x_wconf 85' lang='lat' dir='ltr'><em>eis</em></span> 
     </span>
     <span class='ocr_line' id='line_1_34' title="bbox 362 3012 1964 3063; baseline 0.004 -15"><span class='ocrx_word' id='word_1_264' title='bbox 362 3015 397 3049; x_wconf 84' lang='lat' dir='ltr'><em>is</em></span> <span class='ocrx_word' id='word_1_265' title='bbox 416 3015 542 3050; x_wconf 81' lang='lat' dir='ltr'><em>added</em></span> <span class='ocrx_word' id='word_1_266' title='bbox 563 3025 611 3049; x_wconf 88' lang='lat' dir='ltr'><em>on</em></span> <span class='ocrx_word' id='word_1_267' title='bbox 631 3015 740 3050; x_wconf 74' lang='lat' dir='ltr'><em>lou-er</em></span> <span class='ocrx_word' id='word_1_268' title='bbox 767 3016 937 3060; x_wconf 79' lang='lat' dir='ltr'><em>marqin,</em></span> <span class='ocrx_word' id='word_1_269' title='bbox 966 3016 1032 3050; x_wconf 85' lang='lat' dir='ltr'><em>but</em></span> <span class='ocrx_word' id='word_1_270' title='bbox 1050 3016 1102 3050; x_wconf 85' lang='lat' dir='ltr'><em>all</em></span> <span class='ocrx_word' id='word_1_271' title='bbox 1123 3016 1168 3059; x_wconf 72' lang='lat' dir='ltr'><em>by</em></span> <span class='ocrx_word' id='word_1_272' title='bbox 1189 3012 1263 3051; x_wconf 76' lang='lat' dir='ltr'><em>M¹.</em></span> <span class='ocrx_word' id='word_1_273' title='bbox 1319 3015 1488 3060; x_wconf 77' lang='lat' dir='ltr'><em>Perhaps</em></span> <span class='ocrx_word' id='word_1_274' title='bbox 1518 3018 1576 3052; x_wconf 70' lang='lat' dir='ltr'><em>tlte</em></span> <span class='ocrx_word' id='word_1_275' title='bbox 1606 3018 1773 3063; x_wconf 77' lang='lat' dir='ltr'><em>oriqinal</em></span> <span class='ocrx_word' id='word_1_276' title='bbox 1800 3019 1964 3063; x_wconf 64' lang='lat' dir='ltr'><em>reading]</em></span> 
     </span>
     <span class='ocr_line' id='line_1_35' title="bbox 362 3078 1958 3132; baseline 0.003 -17"><span class='ocrx_word' id='word_1_277' title='bbox 362 3090 443 3115; x_wconf 76' lang='lat' dir='ltr'><em>icas</em></span> <span class='ocrx_word' id='word_1_278' title='bbox 464 3090 604 3126; x_wconf 76' lang='lat' dir='ltr'><em>usque</em></span> <span class='ocrx_word' id='word_1_279' title='bbox 631 3080 809 3127; x_wconf 75' lang='lat' dir='ltr'><em>ponunt</em></span> <span class='ocrx_word' id='word_1_280' title='bbox 840 3078 888 3116; x_wconf 89' lang='lat' dir='ltr'><em>in</em></span> <span class='ocrx_word' id='word_1_281' title='bbox 910 3079 985 3118; x_wconf 83' lang='lat' dir='ltr'><em>eis.</em></span> <span class='ocrx_word' id='word_1_282' title='bbox 1047 3078 1109 3128; x_wconf 86' lang='lat' dir='ltr'><em>H1</em></span> <span class='ocrx_word' id='word_1_283' title='bbox 1127 3080 1276 3126; x_wconf 81' lang='lat' dir='ltr'><em>follows</em></span> <span class='ocrx_word' id='word_1_284' title='bbox 1310 3083 1367 3117; x_wconf 78' lang='lat' dir='ltr'><em>the</em></span> <span class='ocrx_word' id='word_1_285' title='bbox 1390 3084 1543 3126; x_wconf 84' lang='lat' dir='ltr'><em>present</em></span> <span class='ocrx_word' id='word_1_286' title='bbox 1568 3084 1642 3118; x_wconf 74' lang='lat' dir='ltr'><em>text</em></span> <span class='ocrx_word' id='word_1_287' title='bbox 1667 3085 1714 3130; x_wconf 92' lang='lat' dir='ltr'><em>of</em></span> <span class='ocrx_word' id='word_1_288' title='bbox 1733 3081 1777 3120; x_wconf 92' lang='lat' dir='ltr'>M</span> <span class='ocrx_word' id='word_1_289' title='bbox 1802 3085 1958 3132; x_wconf 60' lang='lat' dir='ltr'><em>emactIy,</em></span> 
     </span>
     <span class='ocr_line' id='line_1_36' title="bbox 364 3143 1962 3191; baseline 0.004 -11"><span class='ocrx_word' id='word_1_290' title='bbox 364 3143 534 3181; x_wconf 70' lang='lat' dir='ltr'><em>similes</em></span> <span class='ocrx_word' id='word_1_291' title='bbox 556 3175 564 3182; x_wconf 90' lang='lat'><strong>.</strong></span> <span class='ocrx_word' id='word_1_292' title='bbox 588 3174 596 3182; x_wconf 90' lang='lat'>.</span> <span class='ocrx_word' id='word_1_293' title='bbox 621 3175 629 3183; x_wconf 87' lang='lat'><strong><em>.</em></strong></span> <span class='ocrx_word' id='word_1_294' title='bbox 654 3145 717 3182; x_wconf 79' lang='lat' dir='ltr'><em>eis</em></span> <span class='ocrx_word' id='word_1_295' title='bbox 749 3147 858 3191; x_wconf 76' lang='lat' dir='ltr'><em>beinq</em></span> <span class='ocrx_word' id='word_1_296' title='bbox 878 3147 923 3183; x_wconf 80' lang='lat' dir='ltr'><em>in</em></span> <span class='ocrx_word' id='word_1_297' title='bbox 943 3148 1001 3183; x_wconf 68' lang='lat' dir='ltr'><em>tlte</em></span> <span class='ocrx_word' id='word_1_298' title='bbox 1022 3149 1104 3184; x_wconf 77' lang='lat' dir='ltr'><em>text.</em></span> <span class='ocrx_word' id='word_1_299' title='bbox 1287 3144 1302 3166; x_wconf 85' lang='lat'>⁵</span> <span class='ocrx_word' id='word_1_300' title='bbox 1332 3145 1405 3184; x_wconf 85' lang='lat' dir='ltr'><em>-do</em></span> <span class='ocrx_word' id='word_1_301' title='bbox 1427 3158 1499 3184; x_wconf 87' lang='lat' dir='ltr'><em>om.</em></span> <span class='ocrx_word' id='word_1_302' title='bbox 1529 3146 1603 3186; x_wconf 72' lang='lat' dir='ltr'><em>Ml.</em></span> <span class='ocrx_word' id='word_1_303' title='bbox 1772 3148 1788 3171; x_wconf 76' lang='lat'><strong>⁶</strong></span> <span class='ocrx_word' id='word_1_304' title='bbox 1815 3149 1962 3187; x_wconf 75' lang='lat' dir='ltr'><em>motae</em></span> 
     </span>
     <span class='ocr_line' id='line_1_37' title="bbox 363 3208 1318 3261; baseline 0.004 -14"><span class='ocrx_word' id='word_1_305' title='bbox 363 3208 420 3249; x_wconf 89' lang='grc' dir='ltr'><em>Μ.</em></span> <span class='ocrx_word' id='word_1_306' title='bbox 445 3209 477 3248; x_wconf 85' lang='lat' dir='ltr'>C</span> <span class='ocrx_word' id='word_1_307' title='bbox 499 3223 508 3258; x_wconf 90' lang='lat'>;</span> <span class='ocrx_word' id='word_1_308' title='bbox 538 3210 649 3248; x_wconf 77' lang='lat' dir='ltr'><em>moti</em></span> <span class='ocrx_word' id='word_1_309' title='bbox 674 3210 722 3249; x_wconf 90' lang='lat' dir='ltr'><em>B.</em></span> <span class='ocrx_word' id='word_1_310' title='bbox 745 3223 791 3249; x_wconf 83' lang='lat' dir='ltr'><em>on</em></span> <span class='ocrx_word' id='word_1_311' title='bbox 815 3223 983 3252; x_wconf 80' lang='lat' dir='ltr'><em>erasure.</em></span> <span class='ocrx_word' id='word_1_312' title='bbox 1097 3208 1111 3230; x_wconf 86' lang='lat'>⁷</span> <span class='ocrx_word' id='word_1_313' title='bbox 1141 3212 1246 3261; x_wconf 84' lang='lat' dir='ltr'><em>quia</em></span> <span class='ocrx_word' id='word_1_314' title='bbox 1261 3211 1318 3251; x_wconf 93' lang='lat' dir='ltr'><em>M.</em></span> 
     </span>
    </p>
   </div>
  </div>
 </body>
</html>
