2240 3444
92 771 333 807 Succession

90 821 137 857 of
145 822 353 859 Cenwalh.

89 1188 165 1224 His
184 1190 324 1234 expul-

88 1249 190 1282 sion,
213 1251 305 1275 con-

86 1291 260 1335 version,

84 1690 169 1725 and
196 1693 343 1726 restor-

83 1740 209 1777 ation.

79 2613 323 2659 Attempted

79 2665 258 2700 division
278 2665 324 2699 of

79 2715 152 2750 the
172 2716 288 2750 Wesh

79 2765 217 2800 Saxon

82 2815 263 2852 Diocese.

390 117 494 167 140
832 120 1100 177 Historia
1135 124 1529 182 Ecclesiastica
1784 143 1988 196 [L113.111.

386 261 678 312 Dominum
714 265 801 328 pio
838 267 950 316 eius
986 269 1160 319 labore
1191 274 1399 337 populis
1435 277 1712 340 aduocatiS,
1742 280 1991 344 migrauit

385 345 449 392 ad
499 346 790 397 Dominum
809 348 837 412 ¹,
896 353 1236 418 sepultusque
1287 361 1364 407 est
1417 359 1474 408 in
1532 362 1710 409 eadem
1762 364 1984 427 ciuitate,

385 430 439 476 et
480 432 598 491 post
647 448 812 481 annos
864 436 1075 498 multos,
1121 438 1341 489 Haedde
1383 444 1742 507 episcopatum
1786 451 1984 511 agente,

384 514 668 563 translatus
738 517 897 566 inde2
959 519 1014 569 in
1077 522 1307 573 Uentam
1380 527 1661 585 ciuitatem,
1722 533 1874 594 atque
1932 534 1989 582 in

385 596 597 646 ecclesia
633 598 904 650 beatorum
941 606 1295 666 apostolorum
1320 609 1468 659 Petri
1506 614 1556 660 et
1595 613 1750 662 Pauli
1787 615 1989 678 positus

388 680 479 727 est.

455 763 716 815 Defuncto
751 770 928 818 autem
965 773 1016 819 et
1053 788 1186 835 rege,
1218 777 1462 825 successit
1497 778 1553 827 in
1587 797 1808 843 regnum
1845 782 1987 831 filius

386 846 495 895 eius
544 849 874 914 Coinualch'ss
924 854 1013 916 qui
1062 857 1112 903 et
1159 856 1319 907 fidem
1362 876 1419 907 ac
1470 867 1791 913 sacramenta
1838 866 1987 929 regni

383 930 615 979 caelestis
653 935 912 997 suscipere
954 939 1184 1001 rennuit,
1226 944 1277 989 et
1314 959 1423 991 non
1466 947 1637 994 multo
1673 950 1790 1010 post
1828 949 1986 998 etiam

381 1014 529 1077 regni
565 1017 821 1066 terrestris
861 1021 1152 1082 potentiam
1194 1025 1436 1086 perdidit.
1515 1029 1807 1092 Repudiata
1844 1033 1985 1081 enim

379 1113 553 1146 sorore
587 1099 805 1148 Pendan
841 1103 976 1166 regis
1011 1104 1339 1169 Merciorum,
1375 1127 1531 1173 quam
1566 1114 1797 1176 duxerat,
1829 1116 1985 1164 aliam

378 1181 573 1243 accepit
593 1200 808 1232 uxorem
830 1203 841 1245 3
875 1186 1093 1250 ideoque
1112 1189 1252 1238 bello
1272 1193 1480 1254 petitus,
1498 1212 1553 1243 ac
1573 1213 1732 1260 regno
1751 1198 1985 1261 priuatus

379 1264 444 1312 ab
481 1265 589 1326 illo,
617 1268 825 1315 secessit
860 1269 923 1317 ad
961 1287 1137 1334 regem
1176 1274 1526 1326 Orientalium
1559 1281 1870 1343 Anglorum,
1903 1283 1986 1332 cui

379 1365 573 1396 nomen
600 1353 710 1398 erat
735 1352 894 1400 Anna
916 1371 927 1413 ;
965 1355 1103 1416 apud
1131 1373 1287 1418 quem
1320 1359 1552 1410 triennio
1577 1365 1795 1413 exulans
1826 1365 1984 1414 fidem

378 1433 623 1494 cognouit
641 1450 698 1481 ac
724 1436 949 1498 suscepit
974 1438 1222 1488 ueritatis.
1290 1441 1425 1491 Nam
1446 1447 1497 1492 et
1522 1447 1646 1508 ipse,
1669 1449 1802 1511 apud
1827 1466 1984 1511 quem

376 1516 631 1577 exulabat,
662 1534 751 1565 rex
777 1521 884 1566 erat
910 1519 994 1568 uir
1026 1521 1210 1584 bonus,
1244 1527 1296 1573 et
1329 1526 1466 1576 bona
1499 1546 1556 1577 ac
1594 1534 1772 1580 sancta
1809 1533 1983 1581 sobole

374 1598 512 1660 felix,
554 1598 556 1649 Ι
591 1603 650 1648 ut
676 1601 733 1648 in
760 1604 1099 1664 sequentibus
1127 1607 1441 1660 docebimus.

443 1683 577 1731 Cum
619 1701 742 1732 uero
786 1686 1058 1736 restitutus
1102 1694 1237 1739 esset
1279 1692 1336 1741 in
1379 1711 1600 1757 regnum
1644 1697 1928 1748 Coinualch
1945 1700 1976 1761 3,

372 1767 519 1814 uenit
567 1767 623 1815 in
673 1769 997 1830 prouinciam
1046 1773 1109 1821 de
1157 1774 1446 1826 Hibernia⁴
1488 1780 1723 1842 pontifex
1768 1783 1981 1845 quidam

371 1850 587 1898 nomine
611 1852 993 1916 Agilberctus5,
1026 1857 1238 1906 natione
1270 1860 1483 1922 quidem
1511 1864 1709 1925 Gallus,
1742 1866 1829 1914 sed
1856 1868 1981 1915 tunc

369 1932 711 1996 legendarum
738 1937 899 1998 gratia
924 1938 1299 2001 scripturarum
1324 1944 1381 1993 in
1403 1945 1663 1997 Hibernia
1687 1966 1794 1997 non
1819 1966 1979 2013 paruo

369 2018 604 2079 tempore
643 2017 953 2083 demoratus,
997 2024 1374 2089 coniunxitque
1411 2045 1466 2077 se
1503 2031 1624 2093 regi,
1665 2035 1849 2094 sponte
1885 2034 1978 2082 mi-

369 2099 649 2148 nisterium
685 2104 1017 2164 praedicandi
1055 2123 1341 2159 assumens.
1420 2113 1581 2162 Cuius
1626 2117 1978 2166 eruditionem

370 2185 526 2245 atque
557 2183 872 2235 industriam
904 2188 1091 2238 uidens
1126 2209 1228 2254 rex,
1260 2196 1464 2257 rogauit
1490 2214 1625 2257 eum,
1662 2201 1866 2262 accepta
1902 2201 1974 2249 ibi

369 2267 489 2314 sede
526 2267 816 2331 episcopali,
858 2287 978 2320 suae
1017 2275 1220 2335 gentis6
1255 2294 1465 2326 manere
1501 2281 1841 2344 pontificem;
1885 2284 1972 2347 qui

367 2350 607 2412 precibus
633 2351 743 2399 eius
768 2353 1016 2417 adnuens,
1048 2358 1232 2407 multis
1260 2361 1414 2409 annis
1439 2363 1611 2412 eidem
1645 2367 1790 2428 genti
1818 2384 1973 2416 sacer·

368 2433 527 2481 dotali
565 2434 676 2482 iure
713 2436 949 2497 praefuit.
1029 2440 1264 2490 Tandem
1302 2461 1404 2506 rex,
1438 2446 1528 2509 qui
1568 2448 1834 2498 Saxonum
1866 2453 1975 2499 tan·

366 2519 484 2564 tum
533 2518 771 2581 linguam
822 2525 1052 2584 nouerat,
1100 2528 1368 2586 pertaesus
1411 2529 1654 2580 barbarae
1699 2532 1969 2596 loquellac,

367 2600 760 2650 subintroduxit
786 2603 842 2651 in
867 2605 1194 2666 prouinciam
1219 2609 1383 2658 alium
1409 2628 1530 2660 suae
1555 2613 1765 2677 linguae
1786 2619 1972 2679 episco-

366 2701 508 2745 pum,
549 2685 799 2734 uocabulo
831 2687 960 2736 Uini
977 2690 1005 2751 7,
1044 2693 1095 2738 et
1131 2691 1305 2753 ipsum
1342 2694 1398 2742 in
1438 2696 1607 2745 Gallia
1643 2699 1972 2762 ordinatum;

370 2767 714 2831 diuidensque
758 2770 814 2818 in
859 2773 988 2821 duas
1029 2776 1325 2836 parrochia-s
1365 2780 1704 2841 prouinciam,
1751 2783 1874 2832 huic
1916 2785 1973 2833 in

369 2850 579 2899 ciuitate
611 2851 796 2914 Uenta,
841 2871 971 2916 quae
1007 2873 1036 2904 a
1071 2860 1226 2919 gente
1263 2859 1531 2910 Saxonum
1567 2863 1972 2914 Uintancaestir⁸

425 3005 435 3027 1
467 3020 489 3044 a
512 3010 607 3046 later
626 3012 736 3047 hand
756 3013 829 3049 has
850 3014 977 3050 added
996 3025 1045 3050 οη
1065 3017 1223 3061 mar-qiu
1242 3016 1286 3061 Qf
1298 3015 1342 3054 C.
1368 3027 1472 3056 non.
1496 3018 1620 3058 decb.
1820 3021 1836 3043 ²
1865 3022 1972 3062 inde

366 3076 492 3110 added
524 3087 572 3111 οη
603 3079 761 3122 maryz'n.
792 3078 835 3124 os
861 3077 918 3117 M.
1213 3079 1227 3101 ³
1257 3083 1477 3121 coenualh
1511 3084 1571 3132 03
1618 3087 1883 3126 coinualach
1917 3089 1968 3127 N.

367 3137 380 3159 4
412 3139 664 3178 hibernicia
687 3141 746 3179 M.
890 3143 904 3164 ⁵
937 3144 1157 3183 -berictus
1179 3146 1218 3184 N
1237 3159 1245 3193 ;
1277 3148 1509 3188 -berchtus
1531 3150 1578 3189 C.
1721 3154 1735 3176 ⁶
1764 3155 1889 3204 genti
1911 3154 1968 3193 M.

366 3200 381 3222 ⁷
412 3205 543 3243 uuini
567 3206 599 3244 C
618 3219 628 3255 ;
657 3208 796 3247 uuine
819 3207 874 3247 132
894 3210 967 3260 (Β).
1137 3212 1151 3234 ⁸
1180 3213 1365 3252 —caestir
1386 3214 1448 3263 B;
1479 3217 1778 3258 uintacaestir
1798 3220 1846 3259 O.

2013 1627 2109 1673 1349
2129 1639 2164 1663 a.

2005 2633 2054 2670 cf.
2070 2633 2160 2671 Gal.
2177 2635 2218 2670 ii.
