2240 3444
136 872 314 916 English

134 924 329 958 students
346 922 392 957 in

134 973 315 1010 Ireland.

130 1791 252 1834 Story
273 1790 317 1825 of

129 1841 346 1876 Ethelhun

129 1892 212 1925 and
219 1892 384 1936 Egbert.

432 125 536 176 192
884 127 949 179 H
951 128 1150 182 istoria
1188 129 1486 184 Ecclesiam}
1494 130 1580 183 icco
1822 141 1933 193 [Lm.
1957 144 2032 182 ΠΙ.

425 271 644 322 lentiae¹
681 274 808 336 lues,
855 277 1179 340 depopulatis
1222 277 1368 340 prius
1404 277 1720 327 australibus
1751 277 2035 326 Brittaniae

424 356 603 419 plagis,
654 358 702 406 N
706 360 1219 424 ordanhymbrorum
1270 379 1474 425 quoque
1520 362 1842 425 prouinciam
1890 361 2036 410 corri-

425 440 587 501 piens,
654 445 812 506 atque
872 444 1084 493 acerba²
1146 445 1290 495 clade
1356 446 1553 494 diutius
1613 446 1767 508 longe
1827 445 2034 507 lateque

424 522 737 587 desaeuiens,
779 544 1027 590 magnam
1063 529 1343 578 hominum
1385 529 1787 578 multitudinem
1830 528 2032 577 strauit.

426 605 539 667 Qua
570 609 723 673 plaga
759 613 1022 674 praefatus
1050 614 1266 662 Domini
1299 614 1533 662 sacerdos
1558 613 1706 661 Tuda
1736 615 1918 675 raptus
1955 614 2033 660 est

425 690 489 738 de
527 695 741 756 mundo,
787 698 838 743 et
880 696 935 743 in
975 698 1305 759 monasterio,
1354 697 1492 760 quod
1534 697 1779 745 uocatur3
1823 696 2034 758 Paegna-

424 773 571 824 laech
589 779 617 838 ⁴,
648 778 932 828 honorifice
971 781 1220 843 sepultus.
1299 781 1443 829 Haec
1468 783 1647 829 autem
1672 780 1824 844 plaga
1850 780 2033 829 Hiber-

424 859 567 908 niam
611 879 815 925 quoque
864 863 1093 912 insulam
1143 864 1255 927 pari
1314 865 1457 913 clade
1505 865 1787 927 premebat.
1866 863 2031 912 Erant

421 942 617 992 ibidem
645 962 703 994 eo
723 949 959 1009 tempore
977 947 1135 995 multi
1161 948 1419 996 nobilium
1438 947 1597 995 simul
1618 950 1670 995 et
1690 947 2032 996 mediocrium

422 1026 486 1074 de
522 1031 678 1090 gente
718 1030 1032 1093 Anglorum,
1079 1031 1169 1093 qui
1206 1033 1441 1093 tempore
1480 1031 1669 1079 Finani
1702 1033 1753 1079 et
1790 1031 2033 1080 Colmani

421 1112 797 1176 episcoporum,
828 1115 1006 1164 relicta
1031 1116 1202 1164 insula
1225 1116 1403 1179 patria,
1434 1116 1520 1164 uel
1541 1116 1746 1165 diuinae
1773 1115 2022 1177 lectionis,

422 1196 507 1243 uel
556 1198 949 1247 continentioris
997 1200 1135 1249 uitae
1183 1200 1347 1262 gratia
1393 1200 1484 1248 illo
1533 1202 1863 1248 secesserant.
1959 1199 2029 1248 Et

422 1280 634 1342 quidam
661 1282 871 1344 quidem
896 1300 1021 1331 mox
1047 1300 1102 1331 se
1136 1284 1453 1332 monasticae
1489 1283 1872 1332 conuersationi
1908 1282 2029 1331 fide-

421 1362 541 1411 liter
573 1364 1023 1427 mancipauerunt,
1065 1366 1155 1415 alii
1191 1367 1359 1429 magis
1395 1367 1704 1415 circueundo
1741 1384 1834 1429 per
1872 1367 2028 1415 cellas

422 1449 807 1511 magistrorum,
851 1449 1065 1498 lectioni
1107 1467 1317 1513 operam
1361 1451 1482 1498 dare
1529 1451 1861 1514 gaudebant,
1900 1468 2030 1514 quos

420 1549 603 1581 omnes
665 1534 830 1582 Scotti
887 1534 1235 1583 libentissime
1288 1534 1646 1597 suscipientes,
1703 1534 1905 1583 uictum
1955 1535 2030 1584 eis

421 1616 741 1665 cotidianum
780 1617 892 1666 sine
924 1619 1104 1681 pretio,
1136 1618 1298 1666 libros
1341 1635 1545 1681 quoque
1580 1616 1584 1683 Ι
1617 1618 1681 1666 ad
1724 1619 2022 1681 legendum,

420 1702 472 1747 et
496 1700 859 1763 magisterium
883 1701 1171 1764 gratuitum
1196 1702 1442 1764 praebere
1466 1701 1729 1751 curabant.

487 1784 652 1833 Erant
699 1785 841 1833 inter
882 1785 978 1834 hos
1026 1784 1161 1834 duo5
1199 1785 1418 1834 iuuenes
1458 1802 1680 1848 magnae
1726 1785 1922 1833 indolis
1964 1786 2028 1834 de

420 1867 688 1916 nobilibus
723 1869 1037 1932 Anglorum,
1073 1869 1342 1917 Edilhun5
1377 1871 1429 1917 et
1468 1869 1766 1932 Ecgberct7,
1800 1886 2027 1932 quorum

416 1951 556 2012 prior
588 1952 748 2000 frater
784 1952 888 2001 fuit
922 1952 1204 2014 Ediluinif‘,
1237 1953 1339 2000 uiri
1363 1969 1524 2015 aeque
1560 1953 1671 2000 Deo
1713 1952 1904 2013 dilecti,
1937 1952 2028 2015 qui

417 2036 469 2082 et
501 2034 612 2096 ipse
647 2052 777 2083 aeuo
810 2038 1060 2098 sequente
1096 2036 1412 2084 Hiberniam
1441 2036 1606 2099 gratia
1637 2036 1848 2098 legendi
1875 2036 2019 2098 adiit,

418 2120 470 2165 et
502 2117 637 2166 bene
669 2120 959 2166 instructus
989 2118 1245 2181 patriam9
1271 2119 1439 2177 rediit,
1471 2121 1627 2181 atque
1660 2120 1931 2182 episcopus
1967 2120 2024 2167 in

416 2201 684 2264 prouincia
723 2201 1010 2250 Lindissi¹⁰
1046 2202 1227 2264 factus,
1270 2203 1440 2250 multo
1479 2202 1746 2250 ecclesiam
1788 2205 2026 2265 tempore

419 2285 745 2333 nobilissime
769 2287 915 2334 rexit.
995 2286 1071 2334 Hi
1096 2303 1217 2349 ergo
1243 2302 1364 2333 cum
1390 2287 1563 2333 essent
1595 2286 1653 2333 in
1687 2286 2019 2348 monasterio,

421 2365 559 2427 quod
603 2365 782 2427 lingua
830 2365 1129 2414 Scottorum
1173 2363 1571 2428 Rathmelsigi11
1611 2366 1916 2428 appellatur,
1972 2369 2024 2415 et

343 2470 348 2474 ·
420 2466 605 2497 omnes
630 2449 752 2497 socii
777 2449 1010 2511 ipsorum
1029 2450 1062 2476 ¹2
1088 2449 1173 2497 uel
1198 2449 1519 2498 mortalitate
1545 2450 1608 2497 de
1633 2449 1840 2498 saeculo
1867 2451 2017 2512 rapti,

421 2533 503 2580 uel
547 2550 638 2595 per
676 2532 778 2581 alia
815 2535 991 2581 essent
1030 2532 1141 2581 loca
1179 2533 1411 2595 dispersi,
1443 2534 1662 2595 correpti
1704 2535 1829 2581 sunt
1868 2533 2022 2582 ambo

417 2616 602 2665 morbo
651 2616 885 2664 eiusdem
932 2617 1281 2677 mortalitatis,
1337 2618 1390 2664 et
1437 2617 1743 2678 grauissime
1790 2616 2021 2678 adfiicti3

418 2717 446 2747 e
472 2700 662 2763 quibus
687 2700 942 2764 Ecgberct
960 2699 1006 2762 ¹3,
1038 2701 1171 2749 sicut
1200 2700 1335 2748 mihi
1360 2700 1611 2747 referebat
1637 2700 1851 2762 quidam
1884 2717 2023 2749 uera—

414 2784 656 2832 cissimus
686 2786 738 2832 et
769 2784 1098 2832 uenerandae
1135 2782 1342 2831 canitiei
1378 2783 1664 2846 presbyter,
1701 2783 1792 2845 qui
1816 2800 1871 2832 se
1894 2783 2021 2832 haec

413 2865 476 2914 ab
526 2867 638 2928 ipso
687 2867 892 2915 audisse
938 2865 1260 2929 perhibebat,
1309 2883 1430 2914 cum
1470 2882 1523 2913 se
1565 2867 1865 2915 aestimaret
1907 2881 2019 2914 esse

470 3034 481 3056 ¹
511 3035 773 3085 pestilentia
794 3034 854 3075 M.
1031 3032 1046 3054 2
1075 3045 1234 3072 acerua
1257 3033 1316 3072 M.
1340 3034 1386 3073 C.
1414 3032 1476 3072 Bl.
1498 3034 1553 3073 N.
1723 3033 1738 3056 3
1768 3034 1937 3072 dicitur
1956 3034 2016 3074 M.

414 3098 428 3120 4
460 3099 577 3137 -lech
599 3098 646 3138 C.
668 3099 723 3138 N.
882 3098 897 3121 ⁵
927 3097 1038 3136 duos
1059 3096 1119 3136 M.
1281 3095 1296 3118 ⁶
1324 3096 1464 3134 aedil·
1486 3097 1533 3136 C.
1709 3095 1724 3118 ⁷
1754 3097 1938 3135 ecberht
1959 3097 2015 3141 C;

413 3165 660 3214 ecgleberct
680 3165 734 3204 N.
848 3162 861 3184 ⁸
892 3163 1022 3203 aebil-
1044 3163 1091 3203 C.
1203 3162 1218 3185 ⁹
1249 3163 1297 3200 in
1318 3163 1515 3212 patriam
1537 3163 1591 3202 N.
1719 3162 1750 3185 ¹0
1779 3163 1940 3202 lindisi
1960 3164 2016 3203 N.

413 3228 442 3251 Π
473 3243 542 3280 -ge
563 3229 631 3270 B2.
745 3228 776 3252 ¹2
806 3243 963 3269 eorum
984 3231 1038 3270 N.
1133 3226 1163 3250 ¹³
1193 3229 1372 3280 egberet
1393 3229 1432 3268 N
1451 3242 1462 3279 ;
1491 3229 1697 3268 ecbercht
1720 3229 1766 3269 C.

2057 1628 2084 1664 f.
2107 1629 2150 1673 67
2168 1630 2203 1664 b.
