<?xml version="1.0" encoding="UTF-8"?>
<!DOCTYPE html PUBLIC "-//W3C//DTD XHTML 1.0 Transitional//EN"
    "http://www.w3.org/TR/xhtml1/DTD/xhtml1-transitional.dtd">
<html xmlns="http://www.w3.org/1999/xhtml" xml:lang="en" lang="en">
 <head>
  <title>
</title>
<meta http-equiv="Content-Type" content="text/html;charset=utf-8" />
  <meta name='ocr-system' content='tesseract 3.04.00' />
  <meta name='ocr-capabilities' content='ocr_page ocr_carea ocr_par ocr_line ocrx_word'/>
</head>
<body>
  <div class='ocr_page' id='page_1' title='image "./venerabilisbaeda01bede_0196.png"; bbox 0 0 2175 3439; ppageno 0'>
   <div class='ocr_carea' id='block_1_1' title="bbox 332 89 1560 144">
    <p class='ocr_par' dir='ltr' id='par_1_1' title="bbox 332 89 1560 144">
     <span class='ocr_line' id='line_1_1' title="bbox 332 89 1560 144; baseline 0.002 -2"><span class='ocrx_word' id='word_1_1' title='bbox 332 89 529 143; x_wconf 79' lang='lat' dir='ltr'>clxxiv</span> <span class='ocrx_word' id='word_1_2' title='bbox 809 90 874 142; x_wconf 89' lang='lat' dir='ltr'><em>H</em></span> <span class='ocrx_word' id='word_1_3' title='bbox 871 89 1104 143; x_wconf 63' lang='lat' dir='ltr'>istoriae</span> <span class='ocrx_word' id='word_1_4' title='bbox 1141 89 1560 144; x_wconf 70' lang='lat' dir='ltr'>Ecclesiasticae</span> 
     </span>
    </p>
   </div>
   <div class='ocr_carea' id='block_1_2' title="bbox 875 248 1486 285">
    <p class='ocr_par' dir='ltr' id='par_1_2' title="bbox 875 248 1486 285">
     <span class='ocr_line' id='line_1_2' title="bbox 875 248 1486 285; baseline -0.002 0"><span class='ocrx_word' id='word_1_5' title='bbox 875 248 1147 285; x_wconf 87' lang='lat' dir='ltr'>CAPITULA</span> <span class='ocrx_word' id='word_1_6' title='bbox 1182 249 1339 284; x_wconf 88' lang='lat' dir='ltr'><strong>LIBRI</strong></span> <span class='ocrx_word' id='word_1_7' title='bbox 1373 249 1486 285; x_wconf 91' lang='lat'>111¹.</span> 
     </span>
    </p>
   </div>
   <div class='ocr_carea' id='block_1_3' title="bbox 330 307 1913 493">
    <p class='ocr_par' dir='ltr' id='par_1_3' title="bbox 330 307 1913 493">
     <span class='ocr_line' id='line_1_3' title="bbox 330 307 409 331; baseline 0.038 -4"><span class='ocrx_word' id='word_1_8' title='bbox 330 307 409 331; x_wconf 74' lang='lat' dir='ltr'>CAP.</span> 
     </span>
     <span class='ocr_line' id='line_1_4' title="bbox 331 351 1913 402; baseline 0.003 -13"><span class='ocrx_word' id='word_1_9' title='bbox 331 356 363 391; x_wconf 88' lang='lat' dir='ltr'>I.</span> <span class='ocrx_word' id='word_1_10' title='bbox 390 351 453 392; x_wconf 71' lang='lat' dir='ltr'>Ut&#39;</span> <span class='ocrx_word' id='word_1_11' title='bbox 465 355 594 400; x_wconf 87' lang='lat' dir='ltr'>primi</span> <span class='ocrx_word' id='word_1_12' title='bbox 616 366 873 392; x_wconf 77' lang='lat' dir='ltr'>successores</span> <span class='ocrx_word' id='word_1_13' title='bbox 890 356 1065 392; x_wconf 89' lang='lat' dir='ltr'>AEduini</span> <span class='ocrx_word' id='word_1_14' title='bbox 1092 356 1201 401; x_wconf 86' lang='lat' dir='ltr'>regis</span> <span class='ocrx_word' id='word_1_15' title='bbox 1229 358 1271 392; x_wconf 91' lang='lat' dir='ltr'>et</span> <span class='ocrx_word' id='word_1_16' title='bbox 1296 356 1425 392; x_wconf 89' lang='lat' dir='ltr'>fidem</span> <span class='ocrx_word' id='word_1_17' title='bbox 1444 367 1543 393; x_wconf 89' lang='lat' dir='ltr'>suae</span> <span class='ocrx_word' id='word_1_18' title='bbox 1568 356 1706 402; x_wconf 86' lang='lat' dir='ltr'>gentis</span> <span class='ocrx_word' id='word_1_19' title='bbox 1723 356 1913 401; x_wconf 81' lang='lat' dir='ltr'>prodide-</span> 
     </span>
     <span class='ocr_line' id='line_1_5' title="bbox 481 406 1912 452; baseline 0.001 -11"><span class='ocrx_word' id='word_1_20' title='bbox 481 406 582 452; x_wconf 88' lang='lat' dir='ltr'>rint,</span> <span class='ocrx_word' id='word_1_21' title='bbox 604 409 647 442; x_wconf 90' lang='lat' dir='ltr'>et</span> <span class='ocrx_word' id='word_1_22' title='bbox 667 417 846 451; x_wconf 88' lang='lat' dir='ltr'>regnum</span> <span class='ocrx_word' id='word_1_23' title='bbox 863 418 986 451; x_wconf 88' lang='lat' dir='ltr'>porro</span> <span class='ocrx_word' id='word_1_24' title='bbox 1006 406 1165 442; x_wconf 90' lang='lat' dir='ltr'>Osuald</span> <span class='ocrx_word' id='word_1_25' title='bbox 1183 406 1563 443; x_wconf 83' lang='lat' dir='ltr'>christianissimus</span> <span class='ocrx_word' id='word_1_26' title='bbox 1586 418 1660 443; x_wconf 84' lang='lat' dir='ltr'>rex</span> <span class='ocrx_word' id='word_1_27' title='bbox 1683 409 1912 452; x_wconf 89' lang='lat' dir='ltr'>utrumque</span> 
     </span>
     <span class='ocr_line' id='line_1_6' title="bbox 482 456 869 493; baseline 0 -1"><span class='ocrx_word' id='word_1_28' title='bbox 482 456 788 493; x_wconf 84' lang='lat' dir='ltr'>restaurauerit</span> <span class='ocrx_word' id='word_1_29' title='bbox 860 483 869 492; x_wconf 92' lang='lat'>.</span> 
     </span>
    </p>
   </div>
   <div class='ocr_carea' id='block_1_4' title="bbox 332 521 1912 666">
    <p class='ocr_par' dir='ltr' id='par_1_4' title="bbox 332 521 1912 666">
     <span class='ocr_line' id='line_1_7' title="bbox 332 521 1911 567; baseline 0.002 -12"><span class='ocrx_word' id='word_1_30' title='bbox 332 521 387 556; x_wconf 90' lang='lat' dir='ltr'>II.</span> <span class='ocrx_word' id='word_1_31' title='bbox 417 522 475 557; x_wconf 90' lang='lat' dir='ltr'>Ut</span> <span class='ocrx_word' id='word_1_32' title='bbox 499 522 550 557; x_wconf 89' lang='lat' dir='ltr'>de</span> <span class='ocrx_word' id='word_1_33' title='bbox 573 521 689 567; x_wconf 88' lang='lat' dir='ltr'>ligno</span> <span class='ocrx_word' id='word_1_34' title='bbox 716 521 865 567; x_wconf 88' lang='lat' dir='ltr'>crucis,</span> <span class='ocrx_word' id='word_1_35' title='bbox 888 522 998 565; x_wconf 90' lang='lat' dir='ltr'>quod</span> <span class='ocrx_word' id='word_1_36' title='bbox 1023 521 1137 557; x_wconf 87' lang='lat' dir='ltr'>idem</span> <span class='ocrx_word' id='word_1_37' title='bbox 1154 533 1229 557; x_wconf 87' lang='lat' dir='ltr'>rex</span> <span class='ocrx_word' id='word_1_38' title='bbox 1247 523 1397 557; x_wconf 88' lang='lat' dir='ltr'>contra</span> <span class='ocrx_word' id='word_1_39' title='bbox 1417 522 1617 557; x_wconf 87' lang='lat' dir='ltr'>barbaros</span> <span class='ocrx_word' id='word_1_40' title='bbox 1643 523 1911 567; x_wconf 83' lang='lat' dir='ltr'>pugnaturus</span> 
     </span>
     <span class='ocr_line' id='line_1_8' title="bbox 480 571 1912 617; baseline 0 -10"><span class='ocrx_word' id='word_1_41' title='bbox 480 574 679 617; x_wconf 84' lang='lat' dir='ltr'>erexerat,</span> <span class='ocrx_word' id='word_1_42' title='bbox 700 571 814 607; x_wconf 88' lang='lat' dir='ltr'>inter</span> <span class='ocrx_word' id='word_1_43' title='bbox 832 572 1056 606; x_wconf 88' lang='lat' dir='ltr'>innumera</span> <span class='ocrx_word' id='word_1_44' title='bbox 1080 571 1316 607; x_wconf 87' lang='lat' dir='ltr'>sanitatum</span> <span class='ocrx_word' id='word_1_45' title='bbox 1339 572 1558 617; x_wconf 88' lang='lat' dir='ltr'>miracula,</span> <span class='ocrx_word' id='word_1_46' title='bbox 1588 572 1761 616; x_wconf 78' lang='lat' dir='ltr'>quidam</span> <span class='ocrx_word' id='word_1_47' title='bbox 1790 583 1816 607; x_wconf 89' lang='lat' dir='ltr'>a</span> <span class='ocrx_word' id='word_1_48' title='bbox 1844 572 1912 607; x_wconf 87' lang='lat' dir='ltr'>do-</span> 
     </span>
     <span class='ocr_line' id='line_1_9' title="bbox 480 621 1326 666; baseline 0 -9"><span class='ocrx_word' id='word_1_49' title='bbox 480 622 610 658; x_wconf 88' lang='lat' dir='ltr'>lentis</span> <span class='ocrx_word' id='word_1_50' title='bbox 626 622 791 658; x_wconf 87' lang='lat' dir='ltr'>brachii</span> <span class='ocrx_word' id='word_1_51' title='bbox 809 621 864 658; x_wconf 90' lang='lat' dir='ltr'>sit</span> <span class='ocrx_word' id='word_1_52' title='bbox 883 622 1054 666; x_wconf 85' lang='lat' dir='ltr'>langore</span> <span class='ocrx_word' id='word_1_53' title='bbox 1074 624 1248 657; x_wconf 87' lang='lat' dir='ltr'>curatus</span> <span class='ocrx_word' id='word_1_54' title='bbox 1317 649 1326 657; x_wconf 93' lang='lat'>.</span> 
     </span>
    </p>
   </div>
   <div class='ocr_carea' id='block_1_5' title="bbox 332 685 1911 782">
    <p class='ocr_par' dir='ltr' id='par_1_5' title="bbox 332 685 1911 782">
     <span class='ocr_line' id='line_1_10' title="bbox 332 685 1911 730; baseline 0.001 -11"><span class='ocrx_word' id='word_1_55' title='bbox 332 686 410 722; x_wconf 91' lang='lat' dir='ltr'>III.</span> <span class='ocrx_word' id='word_1_56' title='bbox 431 687 490 722; x_wconf 90' lang='lat' dir='ltr'>Ut</span> <span class='ocrx_word' id='word_1_57' title='bbox 507 686 621 722; x_wconf 89' lang='lat' dir='ltr'>idem</span> <span class='ocrx_word' id='word_1_58' title='bbox 639 698 711 722; x_wconf 84' lang='lat' dir='ltr'>rex</span> <span class='ocrx_word' id='word_1_59' title='bbox 729 686 946 729; x_wconf 81' lang='lat' dir='ltr'>postulans</span> <span class='ocrx_word' id='word_1_60' title='bbox 966 686 1017 721; x_wconf 90' lang='lat' dir='ltr'>de</span> <span class='ocrx_word' id='word_1_61' title='bbox 1034 688 1159 730; x_wconf 88' lang='lat' dir='ltr'>gente</span> <span class='ocrx_word' id='word_1_62' title='bbox 1179 686 1419 721; x_wconf 87' lang='lat' dir='ltr'>Scottorum</span> <span class='ocrx_word' id='word_1_63' title='bbox 1437 685 1677 722; x_wconf 87' lang='lat' dir='ltr'>antistitem</span> <span class='ocrx_word' id='word_1_64' title='bbox 1701 685 1911 730; x_wconf 88' lang='lat' dir='ltr'>acceperit</span> 
     </span>
     <span class='ocr_line' id='line_1_11' title="bbox 479 735 1910 782; baseline 0.001 -11"><span class='ocrx_word' id='word_1_65' title='bbox 479 736 706 782; x_wconf 84' lang='lat' dir='ltr'>Aidanum,</span> <span class='ocrx_word' id='word_1_66' title='bbox 728 736 945 780; x_wconf 83' lang='lat' dir='ltr'>eidemque</span> <span class='ocrx_word' id='word_1_67' title='bbox 968 736 1015 770; x_wconf 91' lang='lat' dir='ltr'>in</span> <span class='ocrx_word' id='word_1_68' title='bbox 1044 736 1186 771; x_wconf 87' lang='lat' dir='ltr'>insula</span> <span class='ocrx_word' id='word_1_69' title='bbox 1216 735 1560 773; x_wconf 86' lang='lat' dir='ltr'>Lindisfarnensi</span> <span class='ocrx_word' id='word_1_70' title='bbox 1585 737 1726 772; x_wconf 87' lang='lat' dir='ltr'>sedem</span> <span class='ocrx_word' id='word_1_71' title='bbox 1757 737 1910 781; x_wconf 85' lang='lat' dir='ltr'>episco-</span> 
     </span>
    </p>
   </div>
   <div class='ocr_carea' id='block_1_6' title="bbox 1943 307 2029 333">
    <p class='ocr_par' dir='ltr' id='par_1_6' title="bbox 1943 307 2029 333">
     <span class='ocr_line' id='line_1_12' title="bbox 1943 307 2029 333; baseline 0.023 -2"><span class='ocrx_word' id='word_1_72' title='bbox 1943 307 2029 333; x_wconf 83' lang='lat' dir='ltr'>PAG.</span> 
     </span>
    </p>
   </div>
   <div class='ocr_carea' id='block_1_7' title="bbox 1902 469 2030 503">
    <p class='ocr_par' dir='ltr' id='par_1_7' title="bbox 1902 469 2030 503">
     <span class='ocr_line' id='line_1_13' title="bbox 1902 469 2030 503; baseline 0 -11"><span class='ocrx_word' id='word_1_73' title='bbox 1902 483 1911 492; x_wconf 91' lang='lat'>.</span> <span class='ocrx_word' id='word_1_74' title='bbox 1970 469 2030 503; x_wconf 90' lang='lat'>127</span> 
     </span>
    </p>
   </div>
   <div class='ocr_carea' id='block_1_8' title="bbox 1897 624 2027 658">
    <p class='ocr_par' dir='ltr' id='par_1_8' title="bbox 1897 624 2027 658">
     <span class='ocr_line' id='line_1_14' title="bbox 1897 624 2027 658; baseline -0.008 0"><span class='ocrx_word' id='word_1_75' title='bbox 1897 649 1905 658; x_wconf 88' lang='lat'>.</span> <span class='ocrx_word' id='word_1_76' title='bbox 1964 624 2027 657; x_wconf 87' lang='lat'>128</span> 
     </span>
    </p>
   </div>
   <div class='ocr_carea' id='block_1_9' title="bbox 330 786 2029 1029">
    <p class='ocr_par' dir='ltr' id='par_1_9' title="bbox 330 786 2029 1029">
     <span class='ocr_line' id='line_1_15' title="bbox 482 786 2025 832; baseline -0.001 -10"><span class='ocrx_word' id='word_1_77' title='bbox 482 789 606 832; x_wconf 84' lang='lat' dir='ltr'>patus</span> <span class='ocrx_word' id='word_1_78' title='bbox 625 786 848 821; x_wconf 86' lang='lat' dir='ltr'>donauerit</span> <span class='ocrx_word' id='word_1_79' title='bbox 1899 813 1907 822; x_wconf 93' lang='lat'>.</span> <span class='ocrx_word' id='word_1_80' title='bbox 1967 797 2025 830; x_wconf 88' lang='lat'>131</span> 
     </span>
     <span class='ocr_line' id='line_1_16' title="bbox 330 849 2026 896; baseline 0.001 -12"><span class='ocrx_word' id='word_1_81' title='bbox 330 850 400 886; x_wconf 90' lang='lat' dir='ltr'>IV.</span> <span class='ocrx_word' id='word_1_82' title='bbox 431 851 608 893; x_wconf 85' lang='lat' dir='ltr'>Quando</span> <span class='ocrx_word' id='word_1_83' title='bbox 625 861 727 896; x_wconf 89' lang='lat' dir='ltr'>gens</span> <span class='ocrx_word' id='word_1_84' title='bbox 745 850 960 886; x_wconf 75' lang='lat' dir='ltr'><strong>Pictorum</strong></span> <span class='ocrx_word' id='word_1_85' title='bbox 977 850 1105 886; x_wconf 88' lang='lat' dir='ltr'>fidem</span> <span class='ocrx_word' id='word_1_86' title='bbox 1125 849 1283 886; x_wconf 87' lang='lat' dir='ltr'>Christi</span> <span class='ocrx_word' id='word_1_87' title='bbox 1300 850 1536 895; x_wconf 67' lang='lat' dir='ltr'>perceperit</span> <span class='ocrx_word' id='word_1_88' title='bbox 1899 877 1908 886; x_wconf 87' lang='lat'>.</span> <span class='ocrx_word' id='word_1_89' title='bbox 1967 862 2026 895; x_wconf 84' lang='lat'>133</span> 
     </span>
     <span class='ocr_line' id='line_1_17' title="bbox 331 915 2029 960; baseline -0.001 -9"><span class='ocrx_word' id='word_1_90' title='bbox 331 916 378 951; x_wconf 91' lang='lat' dir='ltr'>V.</span> <span class='ocrx_word' id='word_1_91' title='bbox 409 916 470 951; x_wconf 92' lang='lat' dir='ltr'>De</span> <span class='ocrx_word' id='word_1_92' title='bbox 488 915 580 951; x_wconf 87' lang='lat' dir='ltr'>uita</span> <span class='ocrx_word' id='word_1_93' title='bbox 597 915 754 951; x_wconf 90' lang='lat' dir='ltr'>Aidani</span> <span class='ocrx_word' id='word_1_94' title='bbox 772 915 953 960; x_wconf 83' lang='lat' dir='ltr'>episcopi</span> <span class='ocrx_word' id='word_1_95' title='bbox 972 942 981 951; x_wconf 91' lang='lat'>.</span> <span class='ocrx_word' id='word_1_96' title='bbox 1902 942 1911 950; x_wconf 93' lang='lat'>.</span> <span class='ocrx_word' id='word_1_97' title='bbox 1970 927 2029 960; x_wconf 87' lang='lat'>135</span> 
     </span>
     <span class='ocr_line' id='line_1_18' title="bbox 331 980 2029 1029; baseline 0 -13"><span class='ocrx_word' id='word_1_98' title='bbox 331 982 402 1017; x_wconf 87' lang='lat' dir='ltr'>VI.</span> <span class='ocrx_word' id='word_1_99' title='bbox 431 983 492 1017; x_wconf 91' lang='lat' dir='ltr'>De</span> <span class='ocrx_word' id='word_1_100' title='bbox 511 982 712 1027; x_wconf 84' lang='lat' dir='ltr'>religione</span> <span class='ocrx_word' id='word_1_101' title='bbox 731 993 779 1017; x_wconf 87' lang='lat' dir='ltr'>ac</span> <span class='ocrx_word' id='word_1_102' title='bbox 798 981 954 1026; x_wconf 88' lang='lat' dir='ltr'>pietate</span> <span class='ocrx_word' id='word_1_103' title='bbox 973 980 1171 1017; x_wconf 87' lang='lat' dir='ltr'>miranda</span> <span class='ocrx_word' id='word_1_104' title='bbox 1191 981 1364 1017; x_wconf 88' lang='lat' dir='ltr'>Osualdi</span> <span class='ocrx_word' id='word_1_105' title='bbox 1382 980 1493 1027; x_wconf 88' lang='lat' dir='ltr'>regis</span> <span class='ocrx_word' id='word_1_106' title='bbox 1553 1009 1562 1017; x_wconf 96' lang='lat'>.</span> <span class='ocrx_word' id='word_1_107' title='bbox 1901 1008 1910 1016; x_wconf 95' lang='lat'>.</span> <span class='ocrx_word' id='word_1_108' title='bbox 1970 994 2029 1029; x_wconf 82' lang='lat'>137</span> 
     </span>
    </p>
   </div>
   <div class='ocr_carea' id='block_1_10' title="bbox 333 1045 1910 1182">
    <p class='ocr_par' dir='ltr' id='par_1_10' title="bbox 333 1045 1910 1182">
     <span class='ocr_line' id='line_1_19' title="bbox 333 1045 1910 1090; baseline 0.001 -10"><span class='ocrx_word' id='word_1_109' title='bbox 333 1046 424 1082; x_wconf 89' lang='lat' dir='ltr'>VII.</span> <span class='ocrx_word' id='word_1_110' title='bbox 454 1047 512 1082; x_wconf 87' lang='lat' dir='ltr'>Ut</span> <span class='ocrx_word' id='word_1_111' title='bbox 530 1046 749 1090; x_wconf 86' lang='lat' dir='ltr'>prouincia</span> <span class='ocrx_word' id='word_1_112' title='bbox 761 1046 1098 1082; x_wconf 85' lang='lat' dir='ltr'>Occidentalium</span> <span class='ocrx_word' id='word_1_113' title='bbox 1113 1047 1327 1082; x_wconf 84' lang='lat' dir='ltr'>Saxonum</span> <span class='ocrx_word' id='word_1_114' title='bbox 1340 1047 1519 1081; x_wconf 86' lang='lat' dir='ltr'>uerbum</span> <span class='ocrx_word' id='word_1_115' title='bbox 1534 1046 1622 1090; x_wconf 90' lang='lat' dir='ltr'>Dei,</span> <span class='ocrx_word' id='word_1_116' title='bbox 1638 1045 1910 1090; x_wconf 74' lang='lat' dir='ltr'>praedicante</span> 
     </span>
     <span class='ocr_line' id='line_1_20' title="bbox 482 1096 1909 1182; baseline 0 -51"><span class='ocrx_word' id='word_1_117' title='bbox 482 1096 929 1182; x_wconf 46' lang='lat' dir='ltr'>{ssffplpgris&#39;usceperit3</span> <span class='ocrx_word' id='word_1_118' title='bbox 963 1098 1005 1132; x_wconf 92' lang='lat' dir='ltr'>et</span> <span class='ocrx_word' id='word_1_119' title='bbox 1040 1097 1090 1132; x_wconf 92' lang='lat' dir='ltr'>de</span> <span class='ocrx_word' id='word_1_120' title='bbox 1127 1097 1433 1132; x_wconf 89' lang='lat' dir='ltr'>successoribus</span> <span class='ocrx_word' id='word_1_121' title='bbox 1468 1096 1558 1132; x_wconf 87' lang='lat' dir='ltr'>eius</span> <span class='ocrx_word' id='word_1_122' title='bbox 1592 1096 1832 1141; x_wconf 84' lang='lat' dir='ltr'>Agilbercto</span> <span class='ocrx_word' id='word_1_123' title='bbox 1866 1098 1909 1131; x_wconf 91' lang='lat' dir='ltr'>et</span> 
     </span>
    </p>
   </div>
   <div class='ocr_carea' id='block_1_11' title="bbox 333 1210 1909 1357">
    <p class='ocr_par' dir='ltr' id='par_1_11' title="bbox 333 1210 1909 1357">
     <span class='ocr_line' id='line_1_21' title="bbox 333 1210 1908 1256; baseline 0 -10"><span class='ocrx_word' id='word_1_124' title='bbox 333 1211 447 1246; x_wconf 92' lang='lat' dir='ltr'>VIII.</span> <span class='ocrx_word' id='word_1_125' title='bbox 479 1212 537 1247; x_wconf 92' lang='lat' dir='ltr'>Ut</span> <span class='ocrx_word' id='word_1_126' title='bbox 554 1223 628 1247; x_wconf 85' lang='lat' dir='ltr'>rex</span> <span class='ocrx_word' id='word_1_127' title='bbox 653 1211 978 1247; x_wconf 86' lang='lat' dir='ltr'>Cantuariorum</span> <span class='ocrx_word' id='word_1_128' title='bbox 1003 1211 1287 1247; x_wconf 88' lang='lat' dir='ltr'>Earconberct</span> <span class='ocrx_word' id='word_1_129' title='bbox 1309 1211 1421 1246; x_wconf 90' lang='lat' dir='ltr'>idola</span> <span class='ocrx_word' id='word_1_130' title='bbox 1442 1211 1603 1247; x_wconf 88' lang='lat' dir='ltr'>destrui</span> <span class='ocrx_word' id='word_1_131' title='bbox 1626 1210 1908 1256; x_wconf 81' lang='lat' dir='ltr'>praeceperit3</span> 
     </span>
     <span class='ocr_line' id='line_1_22' title="bbox 481 1261 1909 1307; baseline -0.001 -10"><span class='ocrx_word' id='word_1_132' title='bbox 481 1265 521 1297; x_wconf 87' lang='lat' dir='ltr'>et</span> <span class='ocrx_word' id='word_1_133' title='bbox 541 1263 591 1297; x_wconf 90' lang='lat' dir='ltr'>de</span> <span class='ocrx_word' id='word_1_134' title='bbox 610 1262 699 1297; x_wconf 88' lang='lat' dir='ltr'>filia</span> <span class='ocrx_word' id='word_1_135' title='bbox 723 1262 811 1297; x_wconf 87' lang='lat' dir='ltr'>eius</span> <span class='ocrx_word' id='word_1_136' title='bbox 838 1263 1077 1307; x_wconf 84' lang='lat' dir='ltr'>Ercongota</span> <span class='ocrx_word' id='word_1_137' title='bbox 1099 1265 1142 1297; x_wconf 89' lang='lat' dir='ltr'>et</span> <span class='ocrx_word' id='word_1_138' title='bbox 1166 1262 1403 1306; x_wconf 86' lang='lat' dir='ltr'>propinqua</span> <span class='ocrx_word' id='word_1_139' title='bbox 1426 1261 1710 1306; x_wconf 89' lang='lat' dir='ltr'>Aedilbergae,</span> <span class='ocrx_word' id='word_1_140' title='bbox 1731 1261 1909 1297; x_wconf 86' lang='lat' dir='ltr'>sacratis</span> 
     </span>
     <span class='ocr_line' id='line_1_23' title="bbox 480 1312 863 1357; baseline 0 -10"><span class='ocrx_word' id='word_1_141' title='bbox 480 1313 566 1348; x_wconf 90' lang='lat' dir='ltr'>Deo</span> <span class='ocrx_word' id='word_1_142' title='bbox 583 1312 820 1357; x_wconf 85' lang='lat' dir='ltr'>uirginibus</span> <span class='ocrx_word' id='word_1_143' title='bbox 855 1339 863 1347; x_wconf 95' lang='lat'>.</span> 
     </span>
    </p>
   </div>
   <div class='ocr_carea' id='block_1_12' title="bbox 327 1376 1909 1522">
    <p class='ocr_par' dir='ltr' id='par_1_12' title="bbox 327 1376 1909 1522">
     <span class='ocr_line' id='line_1_24' title="bbox 327 1376 1909 1423; baseline 0 -11"><span class='ocrx_word' id='word_1_144' title='bbox 327 1377 403 1412; x_wconf 90' lang='lat' dir='ltr'>IX.</span> <span class='ocrx_word' id='word_1_145' title='bbox 434 1377 492 1412; x_wconf 87' lang='lat' dir='ltr'>Ut</span> <span class='ocrx_word' id='word_1_146' title='bbox 510 1376 556 1412; x_wconf 92' lang='lat' dir='ltr'>in</span> <span class='ocrx_word' id='word_1_147' title='bbox 576 1377 677 1422; x_wconf 91' lang='grc'>1000,</span> <span class='ocrx_word' id='word_1_148' title='bbox 691 1376 738 1411; x_wconf 86' lang='grc'>111</span> <span class='ocrx_word' id='word_1_149' title='bbox 753 1388 835 1421; x_wconf 84' lang='lat' dir='ltr'>quo</span> <span class='ocrx_word' id='word_1_150' title='bbox 848 1376 1007 1412; x_wconf 90' lang='lat' dir='ltr'>occisus</span> <span class='ocrx_word' id='word_1_151' title='bbox 1022 1378 1084 1413; x_wconf 88' lang='lat' dir='ltr'>est</span> <span class='ocrx_word' id='word_1_152' title='bbox 1098 1389 1172 1413; x_wconf 86' lang='lat' dir='ltr'>rex</span> <span class='ocrx_word' id='word_1_153' title='bbox 1188 1377 1355 1423; x_wconf 85' lang='lat' dir='ltr'>Osuald,</span> <span class='ocrx_word' id='word_1_154' title='bbox 1374 1378 1519 1413; x_wconf 89' lang='lat' dir='ltr'>crebra</span> <span class='ocrx_word' id='word_1_155' title='bbox 1531 1377 1766 1412; x_wconf 85' lang='lat' dir='ltr'>sanitatum</span> <span class='ocrx_word' id='word_1_156' title='bbox 1783 1376 1909 1412; x_wconf 85' lang='lat' dir='ltr'>mira-</span> 
     </span>
     <span class='ocr_line' id='line_1_25' title="bbox 478 1426 1909 1471; baseline 0 -9"><span class='ocrx_word' id='word_1_157' title='bbox 478 1428 576 1462; x_wconf 91' lang='lat' dir='ltr'>cula</span> <span class='ocrx_word' id='word_1_158' title='bbox 602 1426 738 1471; x_wconf 84' lang='lat' dir='ltr'>facta3</span> <span class='ocrx_word' id='word_1_159' title='bbox 766 1429 896 1471; x_wconf 87' lang='lat' dir='ltr'>utque</span> <span class='ocrx_word' id='word_1_160' title='bbox 919 1427 979 1462; x_wconf 90' lang='lat' dir='ltr'>ibi</span> <span class='ocrx_word' id='word_1_161' title='bbox 996 1427 1132 1471; x_wconf 88' lang='lat' dir='ltr'>primo</span> <span class='ocrx_word' id='word_1_162' title='bbox 1159 1427 1403 1462; x_wconf 89' lang='lat' dir='ltr'>iumentum</span> <span class='ocrx_word' id='word_1_163' title='bbox 1429 1427 1650 1463; x_wconf 87' lang='lat' dir='ltr'>cuiusdam</span> <span class='ocrx_word' id='word_1_164' title='bbox 1674 1426 1835 1463; x_wconf 89' lang='lat' dir='ltr'>uiantis</span> <span class='ocrx_word' id='word_1_165' title='bbox 1859 1439 1909 1462; x_wconf 92' lang='lat' dir='ltr'>ac</span> 
     </span>
     <span class='ocr_line' id='line_1_26' title="bbox 479 1477 1321 1522; baseline 0.001 -10"><span class='ocrx_word' id='word_1_166' title='bbox 479 1477 630 1513; x_wconf 90' lang='lat' dir='ltr'>deinde</span> <span class='ocrx_word' id='word_1_167' title='bbox 649 1478 791 1522; x_wconf 88' lang='lat' dir='ltr'>puella</span> <span class='ocrx_word' id='word_1_168' title='bbox 808 1477 863 1513; x_wconf 90' lang='lat' dir='ltr'>sit</span> <span class='ocrx_word' id='word_1_169' title='bbox 882 1477 1104 1522; x_wconf 81' lang='lat' dir='ltr'>paralitica</span> <span class='ocrx_word' id='word_1_170' title='bbox 1121 1480 1270 1513; x_wconf 85' lang='lat' dir='ltr'>curata</span> <span class='ocrx_word' id='word_1_171' title='bbox 1314 1506 1321 1514; x_wconf 90' lang='lat'>.</span> 
     </span>
    </p>
   </div>
   <div class='ocr_carea' id='block_1_13' title="bbox 328 1541 1437 1588">
    <p class='ocr_par' dir='ltr' id='par_1_13' title="bbox 328 1541 1437 1588">
     <span class='ocr_line' id='line_1_27' title="bbox 328 1541 1437 1588; baseline 0 -11"><span class='ocrx_word' id='word_1_172' title='bbox 328 1543 378 1577; x_wconf 92' lang='lat' dir='ltr'>X.</span> <span class='ocrx_word' id='word_1_173' title='bbox 409 1542 467 1577; x_wconf 90' lang='lat' dir='ltr'>Ut</span> <span class='ocrx_word' id='word_1_174' title='bbox 485 1541 626 1586; x_wconf 81' lang='lat' dir='ltr'>puluis</span> <span class='ocrx_word' id='word_1_175' title='bbox 644 1541 726 1578; x_wconf 81' lang='lat' dir='ltr'>loci</span> <span class='ocrx_word' id='word_1_176' title='bbox 743 1541 861 1577; x_wconf 88' lang='lat' dir='ltr'>illius</span> <span class='ocrx_word' id='word_1_177' title='bbox 879 1544 1030 1577; x_wconf 89' lang='lat' dir='ltr'>contra</span> <span class='ocrx_word' id='word_1_178' title='bbox 1048 1542 1192 1588; x_wconf 87' lang='lat' dir='ltr'>ignem</span> <span class='ocrx_word' id='word_1_179' title='bbox 1209 1542 1394 1577; x_wconf 87' lang='lat' dir='ltr'>ualuerit</span> <span class='ocrx_word' id='word_1_180' title='bbox 1428 1569 1437 1577; x_wconf 97' lang='lat'>.</span> 
     </span>
    </p>
   </div>
   <div class='ocr_carea' id='block_1_14' title="bbox 327 1606 1908 1702">
    <p class='ocr_par' dir='ltr' id='par_1_14' title="bbox 327 1606 1908 1702">
     <span class='ocr_line' id='line_1_28' title="bbox 327 1606 1908 1651; baseline -0.001 -9"><span class='ocrx_word' id='word_1_181' title='bbox 327 1606 399 1642; x_wconf 91' lang='lat' dir='ltr'>XI.</span> <span class='ocrx_word' id='word_1_182' title='bbox 432 1607 490 1642; x_wconf 91' lang='lat' dir='ltr'>Ut</span> <span class='ocrx_word' id='word_1_183' title='bbox 517 1618 642 1651; x_wconf 88' lang='lat' dir='ltr'>super</span> <span class='ocrx_word' id='word_1_184' title='bbox 666 1606 865 1651; x_wconf 84' lang='lat' dir='ltr'>reliquias</span> <span class='ocrx_word' id='word_1_185' title='bbox 890 1607 978 1643; x_wconf 89' lang='lat' dir='ltr'>eius</span> <span class='ocrx_word' id='word_1_186' title='bbox 1001 1607 1076 1642; x_wconf 84' lang='lat' dir='ltr'>lux</span> <span class='ocrx_word' id='word_1_187' title='bbox 1101 1607 1292 1643; x_wconf 89' lang='lat' dir='ltr'>caelestis</span> <span class='ocrx_word' id='word_1_188' title='bbox 1317 1609 1407 1642; x_wconf 88' lang='lat' dir='ltr'>tota</span> <span class='ocrx_word' id='word_1_189' title='bbox 1433 1609 1556 1643; x_wconf 87' lang='lat' dir='ltr'>nocte</span> <span class='ocrx_word' id='word_1_190' title='bbox 1581 1606 1771 1647; x_wconf 78' lang='lat' dir='ltr'>steterit:</span> <span class='ocrx_word' id='word_1_191' title='bbox 1799 1608 1841 1642; x_wconf 88' lang='lat' dir='ltr'>et</span> <span class='ocrx_word' id='word_1_192' title='bbox 1858 1609 1908 1642; x_wconf 89' lang='lat' dir='ltr'>ut</span> 
     </span>
     <span class='ocr_line' id='line_1_29' title="bbox 476 1656 1204 1702; baseline 0.003 -11"><span class='ocrx_word' id='word_1_193' title='bbox 476 1669 551 1702; x_wconf 90' lang='lat' dir='ltr'>per</span> <span class='ocrx_word' id='word_1_194' title='bbox 568 1668 636 1692; x_wconf 91' lang='lat' dir='ltr'>eas</span> <span class='ocrx_word' id='word_1_195' title='bbox 655 1656 741 1693; x_wconf 90' lang='lat' dir='ltr'>sint</span> <span class='ocrx_word' id='word_1_196' title='bbox 761 1657 1022 1693; x_wconf 85' lang='lat' dir='ltr'>daemoniaci</span> <span class='ocrx_word' id='word_1_197' title='bbox 1039 1657 1177 1693; x_wconf 90' lang='lat' dir='ltr'>curati</span> <span class='ocrx_word' id='word_1_198' title='bbox 1196 1685 1204 1693; x_wconf 92' lang='lat'>.</span> 
     </span>
    </p>
   </div>
   <div class='ocr_carea' id='block_1_15' title="bbox 326 1720 1906 1831">
    <p class='ocr_par' dir='ltr' id='par_1_15' title="bbox 326 1720 1906 1831">
     <span class='ocr_line' id='line_1_30' title="bbox 326 1720 1561 1766; baseline 0.002 -11"><span class='ocrx_word' id='word_1_199' title='bbox 326 1721 421 1756; x_wconf 94' lang='lat' dir='ltr'>XII.</span> <span class='ocrx_word' id='word_1_200' title='bbox 451 1721 508 1756; x_wconf 86' lang='lat' dir='ltr'>Ut</span> <span class='ocrx_word' id='word_1_201' title='bbox 527 1722 581 1756; x_wconf 92' lang='lat' dir='ltr'>ad</span> <span class='ocrx_word' id='word_1_202' title='bbox 598 1722 791 1757; x_wconf 87' lang='lat' dir='ltr'>tumbam</span> <span class='ocrx_word' id='word_1_203' title='bbox 809 1720 898 1757; x_wconf 89' lang='lat' dir='ltr'>eius</span> <span class='ocrx_word' id='word_1_204' title='bbox 916 1720 971 1756; x_wconf 87' lang='lat' dir='ltr'>sit</span> <span class='ocrx_word' id='word_1_205' title='bbox 990 1721 1192 1766; x_wconf 86' lang='lat' dir='ltr'>puerulus</span> <span class='ocrx_word' id='word_1_206' title='bbox 1211 1733 1236 1757; x_wconf 89' lang='lat' dir='ltr'>a</span> <span class='ocrx_word' id='word_1_207' title='bbox 1254 1721 1368 1757; x_wconf 86' lang='lat' dir='ltr'>febre</span> <span class='ocrx_word' id='word_1_208' title='bbox 1387 1723 1561 1757; x_wconf 84' lang='lat' dir='ltr'>curatus</span> 
     </span>
     <span class='ocr_line' id='line_1_31' title="bbox 326 1784 1906 1831; baseline 0 -11"><span class='ocrx_word' id='word_1_209' title='bbox 326 1786 446 1820; x_wconf 85' lang='lat' dir='ltr'>XIII.</span> <span class='ocrx_word' id='word_1_210' title='bbox 476 1786 534 1821; x_wconf 88' lang='lat' dir='ltr'>Ut</span> <span class='ocrx_word' id='word_1_211' title='bbox 552 1785 598 1820; x_wconf 89' lang='lat' dir='ltr'>in</span> <span class='ocrx_word' id='word_1_212' title='bbox 613 1785 819 1820; x_wconf 86' lang='lat' dir='ltr'>Hibernia</span> <span class='ocrx_word' id='word_1_213' title='bbox 837 1784 892 1820; x_wconf 92' lang='lat' dir='ltr'>sit</span> <span class='ocrx_word' id='word_1_214' title='bbox 911 1785 1086 1830; x_wconf 87' lang='lat' dir='ltr'>quidam</span> <span class='ocrx_word' id='word_1_215' title='bbox 1099 1797 1173 1831; x_wconf 89' lang='lat' dir='ltr'>per</span> <span class='ocrx_word' id='word_1_216' title='bbox 1188 1786 1389 1831; x_wconf 85' lang='lat' dir='ltr'>reliquias</span> <span class='ocrx_word' id='word_1_217' title='bbox 1408 1785 1498 1822; x_wconf 90' lang='lat' dir='ltr'>eius</span> <span class='ocrx_word' id='word_1_218' title='bbox 1516 1796 1543 1821; x_wconf 85' lang='lat' dir='ltr'>a</span> <span class='ocrx_word' id='word_1_219' title='bbox 1560 1785 1709 1821; x_wconf 88' lang='lat' dir='ltr'>mortis</span> <span class='ocrx_word' id='word_1_220' title='bbox 1725 1785 1906 1821; x_wconf 89' lang='lat' dir='ltr'>articulo</span> 
     </span>
    </p>
   </div>
   <div class='ocr_carea' id='block_1_16' title="bbox 1898 1158 2027 1193">
    <p class='ocr_par' dir='ltr' id='par_1_16' title="bbox 1898 1158 2027 1193">
     <span class='ocr_line' id='line_1_32' title="bbox 1898 1158 2027 1193; baseline 0 -11"><span class='ocrx_word' id='word_1_221' title='bbox 1898 1173 1906 1182; x_wconf 85' lang='lat'>.</span> <span class='ocrx_word' id='word_1_222' title='bbox 1966 1158 2027 1193; x_wconf 78' lang='lat'>139</span> 
     </span>
    </p>
   </div>
   <div class='ocr_carea' id='block_1_17' title="bbox 1895 1322 2025 1355">
    <p class='ocr_par' dir='ltr' id='par_1_17' title="bbox 1895 1322 2025 1355">
     <span class='ocr_line' id='line_1_33' title="bbox 1895 1322 2025 1355; baseline -0.008 -8"><span class='ocrx_word' id='word_1_223' title='bbox 1895 1338 1903 1347; x_wconf 95' lang='lat'>.</span> <span class='ocrx_word' id='word_1_224' title='bbox 1965 1322 2025 1355; x_wconf 88' lang='lat'>142</span> 
     </span>
    </p>
   </div>
   <div class='ocr_carea' id='block_1_18' title="bbox 1890 1488 2026 1586">
    <p class='ocr_par' dir='ltr' id='par_1_18' title="bbox 1890 1488 2026 1586">
     <span class='ocr_line' id='line_1_34' title="bbox 1890 1488 2025 1521; baseline 0 0"><span class='ocrx_word' id='word_1_225' title='bbox 1890 1504 1898 1512; x_wconf 93' lang='lat'>-</span> <span class='ocrx_word' id='word_1_226' title='bbox 1958 1488 2025 1521; x_wconf 85' lang='lat'>144</span> 
     </span>
     <span class='ocr_line' id='line_1_35' title="bbox 1892 1543 2026 1586; baseline -0.007 -9"><span class='ocrx_word' id='word_1_227' title='bbox 1892 1569 1901 1577; x_wconf 93' lang='lat'>.</span> <span class='ocrx_word' id='word_1_228' title='bbox 1960 1543 2026 1586; x_wconf 80' lang='lat'>146</span> 
     </span>
    </p>
   </div>
   <div class='ocr_carea' id='block_1_19' title="bbox 1890 1667 2025 1765">
    <p class='ocr_par' dir='ltr' id='par_1_19' title="bbox 1890 1667 2025 1765">
     <span class='ocr_line' id='line_1_36' title="bbox 1890 1667 2023 1701; baseline 0.008 -1"><span class='ocrx_word' id='word_1_229' title='bbox 1890 1684 1899 1692; x_wconf 87' lang='lat'><strong>·</strong></span> <span class='ocrx_word' id='word_1_230' title='bbox 1959 1667 2023 1701; x_wconf 80' lang='lat'>147</span> 
     </span>
     <span class='ocr_line' id='line_1_37' title="bbox 1894 1732 2025 1765; baseline 0 -9"><span class='ocrx_word' id='word_1_231' title='bbox 1894 1747 1903 1756; x_wconf 87' lang='lat'>.</span> <span class='ocrx_word' id='word_1_232' title='bbox 1962 1732 2025 1765; x_wconf 87' lang='lat'>150</span> 
     </span>
    </p>
   </div>
   <div class='ocr_carea' id='block_1_20' title="bbox 321 1838 2022 3066">
    <p class='ocr_par' dir='ltr' id='par_1_20' title="bbox 324 1838 2021 1946">
     <span class='ocr_line' id='line_1_38' title="bbox 474 1838 2021 1880; baseline -0.001 -9"><span class='ocrx_word' id='word_1_233' title='bbox 474 1838 694 1871; x_wconf 84' lang='lat' dir='ltr'>reuocatus</span> <span class='ocrx_word' id='word_1_234' title='bbox 736 1863 744 1871; x_wconf 95' lang='lat'>.</span> <span class='ocrx_word' id='word_1_235' title='bbox 1896 1863 1904 1871; x_wconf 93' lang='lat'>.</span> <span class='ocrx_word' id='word_1_236' title='bbox 1964 1848 2021 1880; x_wconf 82' lang='lat'>152</span> 
     </span>
     <span class='ocr_line' id='line_1_39' title="bbox 324 1899 1906 1946; baseline 0 -11"><span class='ocrx_word' id='word_1_237' title='bbox 324 1900 434 1936; x_wconf 88' lang='lat' dir='ltr'>XIV.</span> <span class='ocrx_word' id='word_1_238' title='bbox 465 1901 534 1944; x_wconf 92' lang='lat' dir='ltr'>Ut,</span> <span class='ocrx_word' id='word_1_239' title='bbox 550 1900 749 1935; x_wconf 86' lang='lat' dir='ltr'>defuncto</span> <span class='ocrx_word' id='word_1_240' title='bbox 767 1899 957 1946; x_wconf 87' lang='lat' dir='ltr'>Paulino,</span> <span class='ocrx_word' id='word_1_241' title='bbox 974 1900 1169 1935; x_wconf 89' lang='lat' dir='ltr'>Ithamar</span> <span class='ocrx_word' id='word_1_242' title='bbox 1185 1911 1260 1945; x_wconf 87' lang='lat' dir='ltr'>pro</span> <span class='ocrx_word' id='word_1_243' title='bbox 1278 1912 1325 1936; x_wconf 91' lang='lat' dir='ltr'>eo</span> <span class='ocrx_word' id='word_1_244' title='bbox 1339 1899 1557 1935; x_wconf 87' lang='lat' dir='ltr'>Hrofensis</span> <span class='ocrx_word' id='word_1_245' title='bbox 1576 1899 1772 1936; x_wconf 90' lang='lat' dir='ltr'>ecclesiae</span> <span class='ocrx_word' id='word_1_246' title='bbox 1789 1911 1906 1944; x_wconf 91' lang='lat' dir='ltr'>prae—</span> 
     </span>
    </p>

    <p class='ocr_par' dir='ltr' id='par_1_21' title="bbox 472 1950 1902 1996">
     <span class='ocr_line' id='line_1_40' title="bbox 472 1950 1902 1996; baseline -0.001 -10"><span class='ocrx_word' id='word_1_247' title='bbox 472 1951 660 1986; x_wconf 85' lang='lat' dir='ltr'>sulatum</span> <span class='ocrx_word' id='word_1_248' title='bbox 687 1951 939 1995; x_wconf 81' lang='lat' dir='ltr'>susceperit3</span> <span class='ocrx_word' id='word_1_249' title='bbox 969 1953 1010 1986; x_wconf 86' lang='lat' dir='ltr'>et</span> <span class='ocrx_word' id='word_1_250' title='bbox 1040 1951 1090 1986; x_wconf 88' lang='lat' dir='ltr'>de</span> <span class='ocrx_word' id='word_1_251' title='bbox 1121 1951 1366 1986; x_wconf 87' lang='lat' dir='ltr'>humilitate</span> <span class='ocrx_word' id='word_1_252' title='bbox 1394 1950 1580 1986; x_wconf 82' lang='lat' dir='ltr'>mirabili</span> <span class='ocrx_word' id='word_1_253' title='bbox 1606 1950 1715 1996; x_wconf 86' lang='lat' dir='ltr'>regis</span> <span class='ocrx_word' id='word_1_254' title='bbox 1743 1950 1902 1995; x_wconf 90' lang='lat' dir='ltr'>Osuini,</span> 
     </span>
    </p>

    <p class='ocr_par' dir='ltr' id='par_1_22' title="bbox 323 2000 2021 2111">
     <span class='ocr_line' id='line_1_41' title="bbox 472 2000 2021 2045; baseline 0 -9"><span class='ocrx_word' id='word_1_255' title='bbox 472 2000 545 2045; x_wconf 87' lang='lat' dir='ltr'>qui</span> <span class='ocrx_word' id='word_1_256' title='bbox 564 2002 616 2036; x_wconf 91' lang='lat' dir='ltr'>ab</span> <span class='ocrx_word' id='word_1_257' title='bbox 635 2001 766 2036; x_wconf 90' lang='lat' dir='ltr'>Osuiu</span> <span class='ocrx_word' id='word_1_258' title='bbox 784 2001 945 2036; x_wconf 88' lang='lat' dir='ltr'>crudeli</span> <span class='ocrx_word' id='word_1_259' title='bbox 964 2002 1089 2036; x_wconf 87' lang='lat' dir='ltr'>caede</span> <span class='ocrx_word' id='word_1_260' title='bbox 1106 2003 1320 2045; x_wconf 87' lang='lat' dir='ltr'>peremtus</span> <span class='ocrx_word' id='word_1_261' title='bbox 1339 2003 1403 2037; x_wconf 87' lang='lat' dir='ltr'>est</span> <span class='ocrx_word' id='word_1_262' title='bbox 1428 2029 1436 2038; x_wconf 87' lang='lat'>.</span> <span class='ocrx_word' id='word_1_263' title='bbox 1891 2028 1900 2036; x_wconf 97' lang='lat'>.</span> <span class='ocrx_word' id='word_1_264' title='bbox 1959 2011 2021 2045; x_wconf 84' lang='lat'>154</span> 
     </span>
     <span class='ocr_line' id='line_1_42' title="bbox 323 2064 1901 2111; baseline -0.001 -10"><span class='ocrx_word' id='word_1_265' title='bbox 323 2066 410 2101; x_wconf 86' lang='lat' dir='ltr'>XV.</span> <span class='ocrx_word' id='word_1_266' title='bbox 440 2065 498 2100; x_wconf 88' lang='lat' dir='ltr'>Ut</span> <span class='ocrx_word' id='word_1_267' title='bbox 512 2064 726 2109; x_wconf 83' lang='lat' dir='ltr'>episcopus</span> <span class='ocrx_word' id='word_1_268' title='bbox 741 2064 880 2100; x_wconf 91' lang='lat' dir='ltr'>Aidan</span> <span class='ocrx_word' id='word_1_269' title='bbox 898 2064 1041 2100; x_wconf 88' lang='lat' dir='ltr'>nautis</span> <span class='ocrx_word' id='word_1_270' title='bbox 1060 2067 1102 2100; x_wconf 89' lang='lat' dir='ltr'>et</span> <span class='ocrx_word' id='word_1_271' title='bbox 1115 2067 1411 2109; x_wconf 68' lang='lat' dir='ltr'>tempestatem</span> <span class='ocrx_word' id='word_1_272' title='bbox 1425 2065 1619 2101; x_wconf 86' lang='lat' dir='ltr'>futuram</span> <span class='ocrx_word' id='word_1_273' title='bbox 1632 2064 1901 2111; x_wconf 82' lang='lat' dir='ltr'>praedixerit,</span> 
     </span>
    </p>

    <p class='ocr_par' dir='ltr' id='par_1_23' title="bbox 323 2115 2022 2225">
     <span class='ocr_line' id='line_1_43' title="bbox 472 2115 2022 2161; baseline 0.001 -11"><span class='ocrx_word' id='word_1_274' title='bbox 472 2118 514 2150; x_wconf 91' lang='lat' dir='ltr'>et</span> <span class='ocrx_word' id='word_1_275' title='bbox 533 2116 672 2151; x_wconf 89' lang='lat' dir='ltr'>oleum</span> <span class='ocrx_word' id='word_1_276' title='bbox 690 2118 896 2160; x_wconf 89' lang='lat' dir='ltr'>sanctum,</span> <span class='ocrx_word' id='word_1_277' title='bbox 914 2127 995 2160; x_wconf 87' lang='lat' dir='ltr'>quo</span> <span class='ocrx_word' id='word_1_278' title='bbox 1013 2116 1125 2151; x_wconf 90' lang='lat' dir='ltr'>hanc</span> <span class='ocrx_word' id='word_1_279' title='bbox 1140 2116 1349 2161; x_wconf 83' lang='lat' dir='ltr'>sedarent,</span> <span class='ocrx_word' id='word_1_280' title='bbox 1371 2115 1534 2152; x_wconf 86' lang='lat' dir='ltr'>dederit</span> <span class='ocrx_word' id='word_1_281' title='bbox 1549 2143 1558 2151; x_wconf 96' lang='lat'>.</span> <span class='ocrx_word' id='word_1_282' title='bbox 1895 2142 1904 2151; x_wconf 92' lang='lat'>.</span> <span class='ocrx_word' id='word_1_283' title='bbox 1963 2126 2022 2160; x_wconf 85' lang='lat'>157</span> 
     </span>
     <span class='ocr_line' id='line_1_44' title="bbox 323 2179 1904 2225; baseline 0 -11"><span class='ocrx_word' id='word_1_284' title='bbox 323 2180 433 2215; x_wconf 89' lang='lat' dir='ltr'>XVI.</span> <span class='ocrx_word' id='word_1_285' title='bbox 464 2180 522 2215; x_wconf 90' lang='lat' dir='ltr'>Ut</span> <span class='ocrx_word' id='word_1_286' title='bbox 558 2179 672 2214; x_wconf 89' lang='lat' dir='ltr'>idem</span> <span class='ocrx_word' id='word_1_287' title='bbox 707 2180 928 2215; x_wconf 89' lang='lat' dir='ltr'>admotum</span> <span class='ocrx_word' id='word_1_288' title='bbox 962 2181 1015 2215; x_wconf 89' lang='lat' dir='ltr'>ab</span> <span class='ocrx_word' id='word_1_289' title='bbox 1049 2179 1240 2215; x_wconf 86' lang='lat' dir='ltr'>hostibus</span> <span class='ocrx_word' id='word_1_290' title='bbox 1275 2180 1371 2215; x_wconf 91' lang='lat' dir='ltr'>urbi</span> <span class='ocrx_word' id='word_1_291' title='bbox 1405 2179 1544 2225; x_wconf 84' lang='lat' dir='ltr'>regiae</span> <span class='ocrx_word' id='word_1_292' title='bbox 1574 2179 1717 2225; x_wconf 87' lang='lat' dir='ltr'>ignem</span> <span class='ocrx_word' id='word_1_293' title='bbox 1745 2180 1904 2215; x_wconf 87' lang='lat' dir='ltr'>orando</span> 
     </span>
    </p>

    <p class='ocr_par' dir='ltr' id='par_1_24' title="bbox 323 2230 2020 2340">
     <span class='ocr_line' id='line_1_45' title="bbox 472 2230 2020 2274; baseline 0 -9"><span class='ocrx_word' id='word_1_294' title='bbox 472 2230 680 2266; x_wconf 89' lang='lat' dir='ltr'>amouerit</span> <span class='ocrx_word' id='word_1_295' title='bbox 734 2257 743 2265; x_wconf 95' lang='lat'>.</span> <span class='ocrx_word' id='word_1_296' title='bbox 1892 2257 1901 2266; x_wconf 92' lang='lat'>.</span> <span class='ocrx_word' id='word_1_297' title='bbox 1959 2232 2020 2274; x_wconf 86' lang='lat'>158</span> 
     </span>
     <span class='ocr_line' id='line_1_46' title="bbox 323 2294 1904 2340; baseline 0.001 -10"><span class='ocrx_word' id='word_1_298' title='bbox 323 2294 456 2330; x_wconf 86' lang='lat' dir='ltr'>XVII.</span> <span class='ocrx_word' id='word_1_299' title='bbox 487 2295 545 2330; x_wconf 91' lang='lat' dir='ltr'>Ut</span> <span class='ocrx_word' id='word_1_300' title='bbox 572 2296 747 2339; x_wconf 87' lang='lat' dir='ltr'>apposta</span> <span class='ocrx_word' id='word_1_301' title='bbox 774 2294 983 2340; x_wconf 83' lang='lat' dir='ltr'>ecclesiae,</span> <span class='ocrx_word' id='word_1_302' title='bbox 1005 2294 1073 2330; x_wconf 91' lang='lat' dir='ltr'>cui</span> <span class='ocrx_word' id='word_1_303' title='bbox 1100 2294 1214 2330; x_wconf 89' lang='lat' dir='ltr'>idem</span> <span class='ocrx_word' id='word_1_304' title='bbox 1241 2295 1501 2331; x_wconf 89' lang='lat' dir='ltr'>adcumbens</span> <span class='ocrx_word' id='word_1_305' title='bbox 1532 2294 1705 2340; x_wconf 86' lang='lat' dir='ltr'>obierat,</span> <span class='ocrx_word' id='word_1_306' title='bbox 1727 2296 1904 2331; x_wconf 85' lang='lat' dir='ltr'>ardente</span> 
     </span>
    </p>

    <p class='ocr_par' dir='ltr' id='par_1_25' title="bbox 471 2345 1903 2431">
     <span class='ocr_line' id='line_1_47' title="bbox 471 2345 1903 2431; baseline 0.001 -51"><span class='ocrx_word' id='word_1_307' title='bbox 471 2348 611 2381; x_wconf 86' lang='lat' dir='ltr'>cetera</span> <span class='ocrx_word' id='word_1_308' title='bbox 626 2347 764 2391; x_wconf 90' lang='lat' dir='ltr'>domu,</span> <span class='ocrx_word' id='word_1_309' title='bbox 785 2345 969 2380; x_wconf 88' lang='lat' dir='ltr'>fiammis</span> <span class='ocrx_word' id='word_1_310' title='bbox 993 2345 1158 2380; x_wconf 86' lang='lat' dir='ltr'>absumi</span> <span class='ocrx_word' id='word_1_311' title='bbox 1185 2345 1450 2431; x_wconf 40' lang='lat' dir='ltr'>nequiueritj</span> <span class='ocrx_word' id='word_1_312' title='bbox 1479 2347 1521 2382; x_wconf 86' lang='lat' dir='ltr'>et</span> <span class='ocrx_word' id='word_1_313' title='bbox 1539 2346 1590 2381; x_wconf 90' lang='lat' dir='ltr'>de</span> <span class='ocrx_word' id='word_1_314' title='bbox 1613 2345 1787 2381; x_wconf 87' lang='lat' dir='ltr'>interna</span> <span class='ocrx_word' id='word_1_315' title='bbox 1810 2346 1903 2381; x_wconf 86' lang='lat' dir='ltr'>uita</span> 
     </span>
    </p>

    <p class='ocr_par' dir='ltr' id='par_1_26' title="bbox 321 2396 2018 2570">
     <span class='ocr_line' id='line_1_48' title="bbox 473 2396 1993 2439; baseline -0.001 -8"><span class='ocrx_word' id='word_1_316' title='bbox 473 2396 562 2431; x_wconf 90' lang='grc'>01113</span> <span class='ocrx_word' id='word_1_317' title='bbox 614 2423 623 2431; x_wconf 91' lang='grc'><strong>.</strong></span> <span class='ocrx_word' id='word_1_318' title='bbox 731 2422 739 2431; x_wconf 94' lang='grc'><strong>.</strong></span> <span class='ocrx_word' id='word_1_319' title='bbox 847 2423 856 2430; x_wconf 94' lang='grc'><strong>.</strong></span> <span class='ocrx_word' id='word_1_320' title='bbox 1078 2422 1087 2430; x_wconf 95' lang='grc'><strong>.</strong></span> <span class='ocrx_word' id='word_1_321' title='bbox 1195 2423 1203 2431; x_wconf 91' lang='grc'><strong>.</strong></span> <span class='ocrx_word' id='word_1_322' title='bbox 1541 2422 1550 2431; x_wconf 92' lang='grc'><strong>.</strong></span> <span class='ocrx_word' id='word_1_323' title='bbox 1888 2423 1896 2431; x_wconf 95' lang='grc'><strong>.</strong></span> <span class='ocrx_word' id='word_1_324' title='bbox 1956 2406 1993 2439; x_wconf 83' lang='grc'>15</span> 
     </span>
     <span class='ocr_line' id='line_1_49' title="bbox 321 2407 2018 2505; baseline 0 -11"><span class='ocrx_word' id='word_1_325' title='bbox 321 2460 479 2495; x_wconf 91' lang='lat' dir='ltr'>XVIII.</span> <span class='ocrx_word' id='word_1_326' title='bbox 513 2461 571 2495; x_wconf 90' lang='lat' dir='ltr'>De</span> <span class='ocrx_word' id='word_1_327' title='bbox 590 2459 683 2496; x_wconf 86' lang='lat' dir='ltr'>uita</span> <span class='ocrx_word' id='word_1_328' title='bbox 701 2460 770 2496; x_wconf 92' lang='lat' dir='ltr'>uel</span> <span class='ocrx_word' id='word_1_329' title='bbox 788 2462 923 2495; x_wconf 88' lang='lat' dir='ltr'>morte</span> <span class='ocrx_word' id='word_1_330' title='bbox 941 2458 1127 2504; x_wconf 85' lang='lat' dir='ltr'>religiosi</span> <span class='ocrx_word' id='word_1_331' title='bbox 1145 2458 1254 2505; x_wconf 87' lang='lat' dir='ltr'>regis</span> <span class='ocrx_word' id='word_1_332' title='bbox 1273 2459 1481 2504; x_wconf 84' lang='lat' dir='ltr'>Sigbercti</span> <span class='ocrx_word' id='word_1_333' title='bbox 1542 2487 1552 2496; x_wconf 87' lang='lat'>.</span> <span class='ocrx_word' id='word_1_334' title='bbox 1890 2487 1898 2495; x_wconf 93' lang='lat'>.</span> <span class='ocrx_word' id='word_1_335' title='bbox 1959 2407 2018 2495; x_wconf 73' lang='grc' dir='ltr'>1όί</span> 
     </span>
     <span class='ocr_line' id='line_1_50' title="bbox 322 2524 1902 2570; baseline 0 -11"><span class='ocrx_word' id='word_1_336' title='bbox 322 2525 436 2560; x_wconf 90' lang='lat' dir='ltr'>XIX.</span> <span class='ocrx_word' id='word_1_337' title='bbox 468 2525 526 2560; x_wconf 91' lang='lat' dir='ltr'>Ut</span> <span class='ocrx_word' id='word_1_338' title='bbox 544 2525 726 2560; x_wconf 87' lang='lat' dir='ltr'>Furseus</span> <span class='ocrx_word' id='word_1_339' title='bbox 753 2526 865 2569; x_wconf 89' lang='lat' dir='ltr'>apud</span> <span class='ocrx_word' id='word_1_340' title='bbox 893 2524 1130 2560; x_wconf 87' lang='lat' dir='ltr'>Orientales</span> <span class='ocrx_word' id='word_1_341' title='bbox 1155 2524 1315 2570; x_wconf 86' lang='lat' dir='ltr'>Anglos</span> <span class='ocrx_word' id='word_1_342' title='bbox 1335 2524 1639 2560; x_wconf 88' lang='lat' dir='ltr'>monasterium</span> <span class='ocrx_word' id='word_1_343' title='bbox 1662 2524 1832 2569; x_wconf 81' lang='lat' dir='ltr'>fecerit3</span> <span class='ocrx_word' id='word_1_344' title='bbox 1860 2527 1902 2560; x_wconf 90' lang='lat' dir='ltr'>et</span> 
     </span>
    </p>

    <p class='ocr_par' dir='ltr' id='par_1_27' title="bbox 473 2574 1902 2620">
     <span class='ocr_line' id='line_1_51' title="bbox 473 2574 1902 2620; baseline 0 -11"><span class='ocrx_word' id='word_1_345' title='bbox 473 2576 523 2609; x_wconf 89' lang='lat' dir='ltr'>de</span> <span class='ocrx_word' id='word_1_346' title='bbox 542 2574 775 2610; x_wconf 88' lang='lat' dir='ltr'>uisionibus</span> <span class='ocrx_word' id='word_1_347' title='bbox 793 2575 863 2610; x_wconf 89' lang='lat' dir='ltr'>uel</span> <span class='ocrx_word' id='word_1_348' title='bbox 881 2574 1109 2610; x_wconf 83' lang='lat' dir='ltr'>sanctitate</span> <span class='ocrx_word' id='word_1_349' title='bbox 1129 2574 1229 2620; x_wconf 89' lang='lat' dir='ltr'>eius,</span> <span class='ocrx_word' id='word_1_350' title='bbox 1251 2574 1319 2610; x_wconf 90' lang='lat' dir='ltr'>cui</span> <span class='ocrx_word' id='word_1_351' title='bbox 1338 2575 1468 2610; x_wconf 88' lang='lat' dir='ltr'>etiam</span> <span class='ocrx_word' id='word_1_352' title='bbox 1487 2586 1585 2610; x_wconf 88' lang='lat' dir='ltr'>caro</span> <span class='ocrx_word' id='word_1_353' title='bbox 1603 2576 1697 2619; x_wconf 91' lang='lat' dir='ltr'>post</span> <span class='ocrx_word' id='word_1_354' title='bbox 1721 2577 1902 2611; x_wconf 86' lang='lat' dir='ltr'>mortem</span> 
     </span>
    </p>

    <p class='ocr_par' dir='ltr' id='par_1_28' title="bbox 321 2624 2016 2735">
     <span class='ocr_line' id='line_1_52' title="bbox 470 2624 2016 2669; baseline 0.001 -10"><span class='ocrx_word' id='word_1_355' title='bbox 470 2625 718 2669; x_wconf 87' lang='lat' dir='ltr'>incorrupta</span> <span class='ocrx_word' id='word_1_356' title='bbox 736 2625 1033 2661; x_wconf 87' lang='lat' dir='ltr'>testimonium</span> <span class='ocrx_word' id='word_1_357' title='bbox 1049 2624 1313 2668; x_wconf 84' lang='lat' dir='ltr'>perhibuerit</span> <span class='ocrx_word' id='word_1_358' title='bbox 1541 2652 1550 2660; x_wconf 89' lang='lat'>.</span> <span class='ocrx_word' id='word_1_359' title='bbox 1888 2652 1897 2660; x_wconf 93' lang='lat'>.</span> <span class='ocrx_word' id='word_1_360' title='bbox 1955 2627 2016 2669; x_wconf 84' lang='lat'>163</span> 
     </span>
     <span class='ocr_line' id='line_1_53' title="bbox 321 2652 1901 2735; baseline 0 -11"><span class='ocrx_word' id='word_1_361' title='bbox 321 2691 412 2725; x_wconf 90' lang='lat' dir='ltr'>XX.</span> <span class='ocrx_word' id='word_1_362' title='bbox 443 2690 513 2735; x_wconf 90' lang='lat' dir='ltr'>Ut,</span> <span class='ocrx_word' id='word_1_363' title='bbox 535 2690 734 2725; x_wconf 86' lang='lat' dir='ltr'>defuncto</span> <span class='ocrx_word' id='word_1_364' title='bbox 748 2690 946 2735; x_wconf 89' lang='lat' dir='ltr'>Honorio,</span> <span class='ocrx_word' id='word_1_365' title='bbox 963 2689 1213 2733; x_wconf 88' lang='lat' dir='ltr'>pontificatu</span> <span class='ocrx_word' id='word_1_366' title='bbox 1231 2690 1287 2725; x_wconf 91' lang='lat' dir='ltr'>sit</span> <span class='ocrx_word' id='word_1_367' title='bbox 1297 2689 1473 2725; x_wconf 86' lang='lat' dir='ltr'>functus</span> <span class='ocrx_word' id='word_1_368' title='bbox 1487 2652 1739 2734; x_wconf 77' lang='lat' dir='ltr'>Deusdedit3</span> <span class='ocrx_word' id='word_1_369' title='bbox 1768 2691 1810 2724; x_wconf 90' lang='lat' dir='ltr'>et</span> <span class='ocrx_word' id='word_1_370' title='bbox 1829 2689 1901 2734; x_wconf 88' lang='lat' dir='ltr'>qui</span> 
     </span>
    </p>

    <p class='ocr_par' dir='ltr' id='par_1_29' title="bbox 469 2739 1901 2786">
     <span class='ocr_line' id='line_1_54' title="bbox 469 2739 1901 2786; baseline 0 -12"><span class='ocrx_word' id='word_1_371' title='bbox 469 2742 656 2784; x_wconf 87' lang='lat' dir='ltr'>tempore</span> <span class='ocrx_word' id='word_1_372' title='bbox 684 2739 757 2774; x_wconf 93' lang='grc'>1110</span> <span class='ocrx_word' id='word_1_373' title='bbox 784 2740 1065 2775; x_wconf 75' lang='lat' dir='ltr'>Orientalium</span> <span class='ocrx_word' id='word_1_374' title='bbox 1087 2740 1337 2786; x_wconf 81' lang='lat' dir='ltr'>Anglorum,</span> <span class='ocrx_word' id='word_1_375' title='bbox 1359 2740 1432 2785; x_wconf 87' lang='lat' dir='ltr'>qui</span> <span class='ocrx_word' id='word_1_376' title='bbox 1459 2739 1678 2776; x_wconf 88' lang='lat' dir='ltr'>Hrofensis</span> <span class='ocrx_word' id='word_1_377' title='bbox 1705 2740 1901 2776; x_wconf 86' lang='lat' dir='ltr'>ecclesiae</span> 
     </span>
    </p>

    <p class='ocr_par' dir='ltr' id='par_1_30' title="bbox 323 2790 2018 2900">
     <span class='ocr_line' id='line_1_55' title="bbox 471 2790 2018 2836; baseline 0.001 -12"><span class='ocrx_word' id='word_1_378' title='bbox 471 2790 633 2826; x_wconf 86' lang='lat' dir='ltr'>fuerint</span> <span class='ocrx_word' id='word_1_379' title='bbox 651 2790 866 2826; x_wconf 87' lang='lat' dir='ltr'>antistites</span> <span class='ocrx_word' id='word_1_380' title='bbox 1884 2816 1893 2825; x_wconf 94' lang='lat'>.</span> <span class='ocrx_word' id='word_1_381' title='bbox 1953 2791 2018 2836; x_wconf 87' lang='lat'>169</span> 
     </span>
     <span class='ocr_line' id='line_1_56' title="bbox 323 2854 1903 2900; baseline 0.001 -12"><span class='ocrx_word' id='word_1_382' title='bbox 323 2854 437 2889; x_wconf 88' lang='lat' dir='ltr'>XXI.</span> <span class='ocrx_word' id='word_1_383' title='bbox 467 2855 526 2889; x_wconf 88' lang='lat' dir='ltr'>Ut</span> <span class='ocrx_word' id='word_1_384' title='bbox 553 2854 773 2898; x_wconf 86' lang='lat' dir='ltr'>prouincia</span> <span class='ocrx_word' id='word_1_385' title='bbox 805 2855 1214 2890; x_wconf 88' lang='lat' dir='ltr'>Mediterraneorum</span> <span class='ocrx_word' id='word_1_386' title='bbox 1248 2854 1485 2900; x_wconf 88' lang='lat' dir='ltr'>Anglorum</span> <span class='ocrx_word' id='word_1_387' title='bbox 1522 2855 1598 2890; x_wconf 89' lang='lat' dir='ltr'>sub</span> <span class='ocrx_word' id='word_1_388' title='bbox 1633 2865 1729 2899; x_wconf 89' lang='lat' dir='ltr'>rege</span> <span class='ocrx_word' id='word_1_389' title='bbox 1763 2854 1903 2890; x_wconf 85' lang='lat' dir='ltr'>Peada</span> 
     </span>
    </p>

    <p class='ocr_par' dir='ltr' id='par_1_31' title="bbox 323 2903 2013 3014">
     <span class='ocr_line' id='line_1_57' title="bbox 473 2903 2013 2940; baseline -0.001 0"><span class='ocrx_word' id='word_1_390' title='bbox 473 2904 706 2940; x_wconf 87' lang='lat' dir='ltr'>christiana</span> <span class='ocrx_word' id='word_1_391' title='bbox 723 2904 778 2940; x_wconf 88' lang='lat' dir='ltr'>sit</span> <span class='ocrx_word' id='word_1_392' title='bbox 796 2905 911 2940; x_wconf 83' lang='lat' dir='ltr'>facta</span> <span class='ocrx_word' id='word_1_393' title='bbox 962 2932 970 2940; x_wconf 90' lang='lat'>.</span> <span class='ocrx_word' id='word_1_394' title='bbox 1883 2931 1892 2940; x_wconf 97' lang='lat'>.</span> <span class='ocrx_word' id='word_1_395' title='bbox 1959 2903 2013 2939; x_wconf 92' lang='lat' dir='ltr'>ib.</span> 
     </span>
     <span class='ocr_line' id='line_1_58' title="bbox 323 2969 1900 3014; baseline 0 -11"><span class='ocrx_word' id='word_1_396' title='bbox 323 2969 460 3004; x_wconf 88' lang='lat' dir='ltr'>XXII.</span> <span class='ocrx_word' id='word_1_397' title='bbox 491 2970 549 3004; x_wconf 91' lang='lat' dir='ltr'>Ut</span> <span class='ocrx_word' id='word_1_398' title='bbox 576 2969 811 3005; x_wconf 84' lang='lat' dir='ltr'>Orientales</span> <span class='ocrx_word' id='word_1_399' title='bbox 838 2970 1021 3005; x_wconf 82' lang='lat' dir='ltr'>Saxones</span> <span class='ocrx_word' id='word_1_400' title='bbox 1046 2969 1184 3014; x_wconf 88' lang='lat' dir='ltr'>fidem,</span> <span class='ocrx_word' id='word_1_401' title='bbox 1205 2981 1333 3013; x_wconf 90' lang='lat' dir='ltr'>quam</span> <span class='ocrx_word' id='word_1_402' title='bbox 1361 2970 1523 3004; x_wconf 90' lang='lat' dir='ltr'>dudum</span> <span class='ocrx_word' id='word_1_403' title='bbox 1550 2969 1802 3014; x_wconf 83' lang='lat' dir='ltr'>abiecerant,</span> <span class='ocrx_word' id='word_1_404' title='bbox 1823 2969 1900 3004; x_wconf 91' lang='lat' dir='ltr'>sub</span> 
     </span>
    </p>

    <p class='ocr_par' dir='ltr' id='par_1_32' title="bbox 472 3019 2014 3066">
     <span class='ocr_line' id='line_1_59' title="bbox 472 3019 2014 3066; baseline 0.001 -13"><span class='ocrx_word' id='word_1_405' title='bbox 472 3030 568 3064; x_wconf 86' lang='lat' dir='ltr'>rege</span> <span class='ocrx_word' id='word_1_406' title='bbox 587 3019 813 3066; x_wconf 86' lang='lat' dir='ltr'>Sigbercto,</span> <span class='ocrx_word' id='word_1_407' title='bbox 832 3019 1103 3064; x_wconf 85' lang='lat' dir='ltr'>praedicante</span> <span class='ocrx_word' id='word_1_408' title='bbox 1122 3020 1259 3055; x_wconf 87' lang='lat' dir='ltr'>Ceddo</span> <span class='ocrx_word' id='word_1_409' title='bbox 1276 3020 1512 3064; x_wconf 86' lang='lat' dir='ltr'>receperint</span> <span class='ocrx_word' id='word_1_410' title='bbox 1547 3046 1555 3055; x_wconf 92' lang='lat'>.</span> <span class='ocrx_word' id='word_1_411' title='bbox 1892 3045 1900 3054; x_wconf 95' lang='lat'>.</span> <span class='ocrx_word' id='word_1_412' title='bbox 1959 3031 2014 3065; x_wconf 88' lang='lat'>171</span> 
     </span>
    </p>
   </div>
   <div class='ocr_carea' id='block_1_21' title="bbox 323 3111 2018 3194">
    <p class='ocr_par' dir='ltr' id='par_1_33' title="bbox 323 3111 2018 3194">
     <span class='ocr_line' id='line_1_60' title="bbox 365 3111 2018 3152; baseline 0 -9"><span class='ocrx_word' id='word_1_413' title='bbox 365 3112 377 3133; x_wconf 86' lang='lat'>1</span> <span class='ocrx_word' id='word_1_414' title='bbox 402 3112 508 3143; x_wconf 80' lang='lat' dir='ltr'>After</span> <span class='ocrx_word' id='word_1_415' title='bbox 531 3112 594 3143; x_wconf 77' lang='lat' dir='ltr'>the</span> <span class='ocrx_word' id='word_1_416' title='bbox 617 3113 699 3143; x_wconf 84' lang='lat' dir='ltr'>text</span> <span class='ocrx_word' id='word_1_417' title='bbox 721 3112 760 3143; x_wconf 85' lang='lat' dir='ltr'>of</span> <span class='ocrx_word' id='word_1_418' title='bbox 783 3112 884 3143; x_wconf 91' lang='lat' dir='ltr'>Book</span> <span class='ocrx_word' id='word_1_419' title='bbox 901 3111 962 3145; x_wconf 91' lang='lat'>11:</span> <span class='ocrx_word' id='word_1_420' title='bbox 993 3112 1147 3152; x_wconf 86' lang='lat' dir='ltr'>explicit</span> <span class='ocrx_word' id='word_1_421' title='bbox 1161 3112 1256 3143; x_wconf 87' lang='lat' dir='ltr'>liber</span> <span class='ocrx_word' id='word_1_422' title='bbox 1274 3112 1464 3144; x_wconf 87' lang='lat' dir='ltr'>secundus.</span> <span class='ocrx_word' id='word_1_423' title='bbox 1489 3112 1622 3151; x_wconf 88' lang='lat' dir='ltr'>incipit</span> <span class='ocrx_word' id='word_1_424' title='bbox 1645 3111 1738 3142; x_wconf 88' lang='lat' dir='ltr'>liber</span> <span class='ocrx_word' id='word_1_425' title='bbox 1761 3111 1905 3144; x_wconf 82' lang='lat' dir='ltr'>tertius.</span> <span class='ocrx_word' id='word_1_426' title='bbox 1930 3111 2018 3143; x_wconf 78' lang='lat' dir='ltr'>haec</span> 
     </span>
     <span class='ocr_line' id='line_1_61' title="bbox 323 3154 2013 3194; baseline 0.002 -9"><span class='ocrx_word' id='word_1_427' title='bbox 323 3156 561 3185; x_wconf 84' lang='lat' dir='ltr'>continentur</span> <span class='ocrx_word' id='word_1_428' title='bbox 576 3155 615 3186; x_wconf 92' lang='lat' dir='ltr'>in</span> <span class='ocrx_word' id='word_1_429' title='bbox 632 3155 725 3186; x_wconf 86' lang='lat' dir='ltr'>libro</span> <span class='ocrx_word' id='word_1_430' title='bbox 746 3155 855 3186; x_wconf 86' lang='lat' dir='ltr'>tertio</span> <span class='ocrx_word' id='word_1_431' title='bbox 880 3155 1052 3186; x_wconf 82' lang='lat' dir='ltr'>historiae</span> <span class='ocrx_word' id='word_1_432' title='bbox 1076 3155 1335 3186; x_wconf 79' lang='lat' dir='ltr'>ecclesiasticae</span> <span class='ocrx_word' id='word_1_433' title='bbox 1356 3155 1474 3194; x_wconf 84' lang='lat' dir='ltr'>gentis</span> <span class='ocrx_word' id='word_1_434' title='bbox 1493 3155 1686 3194; x_wconf 85' lang='lat' dir='ltr'>anglorum</span> <span class='ocrx_word' id='word_1_435' title='bbox 1710 3154 1884 3194; x_wconf 76' lang='lat' dir='ltr'>capitula,</span> <span class='ocrx_word' id='word_1_436' title='bbox 1905 3154 1954 3188; x_wconf 90' lang='lat' dir='ltr'>M.</span> <span class='ocrx_word' id='word_1_437' title='bbox 1971 3156 2013 3188; x_wconf 85' lang='lat' dir='ltr'>B.</span> 
     </span>
    </p>
   </div>
   <div class='ocr_carea' id='block_1_22' title="bbox 323 3196 1886 3239">
    <p class='ocr_par' dir='ltr' id='par_1_34' title="bbox 323 3196 1886 3239">
     <span class='ocr_line' id='line_1_62' title="bbox 323 3196 1886 3239; baseline 0.001 -10"><span class='ocrx_word' id='word_1_438' title='bbox 323 3198 380 3238; x_wconf 72' lang='lat' dir='ltr'>So,</span> <span class='ocrx_word' id='word_1_439' title='bbox 397 3197 570 3238; x_wconf 84' lang='lat' dir='ltr'>omitting</span> <span class='ocrx_word' id='word_1_440' title='bbox 586 3198 758 3239; x_wconf 75' lang='lat' dir='ltr'>capitula,</span> <span class='ocrx_word' id='word_1_441' title='bbox 777 3199 824 3231; x_wconf 82' lang='lat' dir='ltr'>N.</span> <span class='ocrx_word' id='word_1_442' title='bbox 869 3198 982 3231; x_wconf 81' lang='lat' dir='ltr'>Finit.</span> <span class='ocrx_word' id='word_1_443' title='bbox 999 3197 1185 3239; x_wconf 88' lang='lat' dir='ltr'>incipiunt</span> <span class='ocrx_word' id='word_1_444' title='bbox 1201 3198 1364 3238; x_wconf 84' lang='lat' dir='ltr'>capitula</span> <span class='ocrx_word' id='word_1_445' title='bbox 1379 3198 1460 3229; x_wconf 86' lang='lat' dir='ltr'>libli</span> <span class='ocrx_word' id='word_1_446' title='bbox 1475 3197 1517 3238; x_wconf 78' lang='grc' dir='ltr'>(ι’.</span> <span class='ocrx_word' id='word_1_447' title='bbox 1528 3208 1553 3230; x_wconf 76' lang='lat' dir='ltr'>e.</span> <span class='ocrx_word' id='word_1_448' title='bbox 1568 3197 1701 3238; x_wconf 85' lang='lat' dir='ltr'>libelli)</span> <span class='ocrx_word' id='word_1_449' title='bbox 1715 3196 1828 3237; x_wconf 83' lang='lat' dir='ltr'>tertii,</span> <span class='ocrx_word' id='word_1_450' title='bbox 1848 3196 1886 3230; x_wconf 91' lang='lat' dir='ltr'>C.</span> 
     </span>
    </p>
   </div>
  </div>
 </body>
</html>
