2240 3444
283 156 382 195 Cn.
409 151 460 203 1.]
733 145 744 167 χ
787 145 978 198 Gentis
1018 146 1359 215 szgylorum.
1804 152 1867 200 75

281 289 582 349 abstractus,
636 290 698 337 ad
748 291 1100 339 ministerium
1155 292 1333 339 altaris
1381 293 1660 344 ordinatus.
1716 298 1869 357 atquc

281 371 783 435 Constantinopolim
825 374 1178 435 apocrisiarius
1220 375 1282 422 ab
1321 376 1596 436 apostolica
1639 378 1757 424 sede
1803 379 1872 425 ‹li-

280 457 450 501 rectus
475 456 566 509 est,
597 456 728 503 non¹
763 456 938 503 tamen
976 456 1031 503 in
1068 459 1276 505 terreno
1314 461 1650 506 conuersatus
1678 460 1870 521 palatio

279 537 600 597 propositum
638 538 775 585 uitae
812 537 1048 586 caelestis
1084 539 1381 587 intermisit.
1456 540 1590 588 Nam
1623 542 1869 603 quosdam

278 618 500 666 fratrum
537 636 599 666 ex
634 620 950 667 monasterio
984 637 1089 681 suo,
1122 622 1211 682 qui
1242 639 1360 670 eum
1400 623 1564 684 gratia
1599 640 1873 685 germanae

280 700 506 748 caritatis
542 701 605 748 ad
643 701 837 763 regiam
862 702 1046 749 urbem
1081 703 1243 750 secuti
1268 706 1405 764 sunt,
1436 704 1492 752 in
1516 706 1871 753 tutamentum

280 784 446 845 coepit
507 783 866 832 obseruantiae
926 785 1176 847 regularis
1235 786 1456 848 habere3
1516 788 1760 835 uidelicet
1812 791 1872 836 ut

34 877 162 922 Epist.
186 878 239 913 ad
280 882 459 913 eorum
485 883 686 928 semper
713 867 964 929 exemplo,
997 868 1131 916 sicut
1163 869 1272 930 ipse
1303 869 1493 930 scribit,
1525 870 1589 918 ad
1624 870 1872 919 orationis

33 927 245 1021 {ffi‘ng
280 948 539 1010 placidum
588 949 726 1010 litus,
782 950 931 1011 quasi
977 951 1229 999 anchorae
1277 951 1403 999 fune
1451 952 1865 1015 restringeretur,

33 1026 189 1070 Hispal.
279 1047 397 1078 cum
431 1031 724 1079 incessabili
760 1033 1029 1080 causarum
1067 1033 1406 1081 saecularium
1443 1034 1656 1096 inpulsu
1693 1036 1873 1083 fiuctu-

277 1116 399 1173 aret,
439 1130 844 1176 concussamque
881 1115 1071 1163 saeculi
1107 1115 1306 1163 actibus
1342 1119 1576 1164 mentem
1613 1117 1750 1165 inter
1787 1135 1872 1166 eos

277 1196 462 1243 cotidie
514 1213 606 1258 per
659 1197 918 1245 studiosae
977 1197 1215 1246 lectionis
1262 1198 1523 1246 roboraret
1571 1199 1870 1262 alloquium.

277 1278 485 1326 Horum
511 1296 630 1341 ergo
655 1279 913 1327 consortio
940 1297 1047 1327 non
1074 1281 1245 1328 solum
1281 1297 1310 1328 a
1346 1282 1568 1330 terrenis
1600 1285 1678 1330 est
1708 1283 1873 1330 muni-

276 1364 361 1409 tus
387 1361 693 1423 incursibus,
726 1379 912 1410 uerum
938 1362 1096 1410 etiam
1117 1363 1180 1411 ad
1207 1362 1440 1412 caelestis
1468 1364 1709 1412 exercitia
1734 1365 1873 1413 uitae

275 1445 442 1507 magis
466 1444 733 1508 magisque
759 1462 1047 1494 succensus.

347 1527 481 1575 Nam
506 1528 700 1576 hortati
727 1530 851 1576 sunt
877 1545 1011 1590 eum,
1042 1531 1102 1576 ut
1132 1529 1329 1576 librum
1365 1529 1502 1578 beati
1535 1530 1630 1578 Iob
1668 1531 1873 1593 magnis
1903 1540 1980 1575 His
1998 1540 2141 1576 works.

275 1609 576 1658 inuolutum
613 1610 1014 1659 obscuritatibus
1051 1612 1274 1674 mystica
1309 1612 1738 1674 interpretatione
1776 1614 1872 1662 dis·
1901 1590 2158 1682 {Zfflgff}‚]l

277 1695 474 1741 cuteret
500 1711 510 1753 ;
548 1709 715 1755 neque
740 1710 927 1755 negare
951 1695 1122 1756 potuit
1150 1712 1290 1756 opus,
1324 1696 1461 1758 quod
1488 1696 1588 1743 sibi
1612 1697 1871 1745 fraternus
1902 1690 1992 1726 Job.

276 1791 421 1823 amor
457 1775 638 1824 multis
675 1777 803 1824 utile
839 1777 1078 1825 futurum
1111 1777 1408 1839 inponebat.
1488 1779 1587 1826 Sed
1614 1777 1873 1826 eundem2

274 1857 482 1917 librum.
516 1860 774 1921 quomodo
799 1859 943 1907 iuxta
967 1859 1199 1907 litteram
1224 1859 1622 1924 intellegendus,
1655 1862 1875 1923 qualiter

274 1941 369 1988 ad3
409 1941 598 1989 Christi
644 1945 694 1990 et
717 1945 732 1968 ‘²
771 1942 1009 1990 ecclesiae
1052 1945 1373 1991 sacramenta
1414 1943 1724 2004 referendus,
1770 1962 1871 2006 quo

275 2039 429 2071 sensu
463 2024 747 2087 unicuique
773 2025 1010 2073 fidelium
1049 2025 1117 2073 sit
1153 2026 1421 2088 aptandus,
1452 2043 1544 2088 per
1567 2026 1725 2074 XXX
1749 2030 1801 2075 et
1826 2027 1874 2074 V

276 2105 435 2154 libros
476 2107 814 2169 expositionis
852 2108 1092 2156 miranda
1132 2108 1332 2156 ratione
1368 2109 1646 2171 perdocuit.
1725 2110 1872 2171 Quod

276 2189 518 2237 uidelicet
579 2207 709 2252 opus
770 2191 825 2238 in
887 2191 1026 2253 regia
1076 2191 1288 2253 quidem
1336 2192 1462 2239 urbe
1515 2192 1872 2254 apocrisiarius

275 2272 552 2333 inchoauit7
586 2273 780 2321 Romae
817 2274 992 2321 autem
1025 2273 1128 2321 iam
1164 2274 1399 2336 pontifex
1425 2275 1592 2323 factus
1628 2275 1871 2337 expleuit.

276 2355 375 2415 Qui
403 2372 522 2403 cum
546 2356 715 2404 adhuc
733 2357 748 2381 ⁵
775 2358 907 2404 esset
932 2356 1072 2418 regia
1097 2356 1151 2404 in
1179 2357 1306 2404 urbe
1330 2357 1543 2418 positus,
1574 2360 1872 2406 nascentem

274 2437 347 2484 ibi
373 2455 564 2486 nouam
590 2438 817 2486 heresim
844 2439 906 2486 de
933 2441 1071 2487 statu
1097 2441 1302 2487 nostrae
1323 2440 1727 2502 resurrectionis,
1753 2457 1872 2488 cum

273 2519 398 2581 ipso,
422 2537 523 2582 quo
544 2522 748 2569 exorta6
774 2523 865 2582 est,
896 2520 1061 2583 initio,
1092 2521 1308 2569 iuuante
1333 2538 1387 2570 se
1413 2523 1576 2584 gratia
1595 2523 1872 2571 catholicae

275 2603 524 2664 ueritatis,
556 2603 772 2653 attriuit.
850 2603 1122 2665 Siquidem
1154 2604 1442 2667 Eutycius⁷
1467 2605 1700 2653 eiusdem
1730 2605 1872 2652 urbis

276 2684 544 2747 episcopus
570 2685 946 2748 dogmatizabat
974 2703 1157 2749 corpus
1174 2689 1414 2735 nostrum
1438 2687 1494 2734 in
1519 2687 1608 2735 illa
1627 2704 1872 2735 resurrec-

278 2767 434 2814 tionis
460 2767 621 2829 gloria
647 2768 972 2831 inpaspabile,
1005 2768 1179 2816 uentis
1209 2786 1424 2831 aereque
1445 2769 1460 2793 ⁸
1487 2769 1730 2817 subtilius
1762 2786 1872 2817 esse

279 2850 553 2910 futurum3
597 2851 732 2912 quod
774 2850 863 2898 ille
898 2850 1128 2911 audiens,
1169 2852 1254 2899 et⁹
1291 2851 1490 2899 ratione
1526 2851 1775 2911 ueritatis,
1819 2854 1871 2899 et

280 2931 517 2993 exemplo
543 2933 834 2981 dominicae
858 2933 1262 2994 resurrectionis,
1294 2933 1535 2995 probauit
1559 2933 1658 2981 hoc
1684 2934 1871 2996 dogma

334 3071 347 3093 1
378 3084 461 3109 nec
481 3071 528 3110 C.
677 3071 691 3093 ²
719 3073 907 3112 eandem
929 3072 1004 3112 Ml.
1147 3071 1162 3093 3
1194 3073 1239 3110 et
1261 3071 1317 3109 ad
1339 3070 1394 3108 M.
1449 3088 1450 3091 ¹
1537 3068 1551 3091 4
1581 3071 1625 3108 et
1647 3083 1719 3108 om.
1744 3071 1787 3109 C.
1812 3072 1864 3111 N.

277 3135 293 3158 ⁵
322 3137 468 3175 adhuc
498 3150 570 3176 om.
592 3137 650 3177 M.
792 3139 807 3161 ⁶
835 3150 889 3176 ex
908 3150 996 3188 quo
1018 3139 1116 3176 orta
1138 3137 1194 3175 M.
1325 3134 1339 3157 ⁷
1369 3134 1607 3184 euthycius
1629 3135 1661 3174 C
1683 3148 1692 3183 ;
1723 3136 1867 3174 euthi-

277 3203 372 3241 cius
393 3203 432 3241 N
451 3215 461 3251 ;
491 3202 727 3252 eutychius
748 3203 799 3243 B.
953 3202 967 3225 ⁸
997 3203 1177 3252 aerique
1198 3202 1321 3240 MSS.
1471 3200 1485 3222 ⁹
1515 3213 1569 3239 ex
1589 3201 1642 3239 N.
1771 3209 1776 3216 ·
