2240 3444
134 1108 279 1143 Burial
297 1107 383 1143 and

132 1159 309 1193 transla-

133 1209 233 1244 tion.

136 1529 272 1563 Finan

137 1578 341 1615 succeeds.

145 2115 179 2149 A
199 2113 379 2148 miracle.

418 114 521 163 160
868 110 1133 164 Historia
1172 110 1561 164 Ecclesiastica
1803 118 1912 171 [Lm.
1938 122 2013 162 111.

414 258 530 307 aliis
568 258 712 306 uillis
754 257 909 320 regiis
930 258 942 282 ¹
992 258 1157 306 facere
1196 258 1407 315 solebat,
1448 259 1629 320 utpote
1665 256 1739 304 nil
1782 256 2018 319 propriae

414 342 764 404 possessionis,
799 343 1012 404 excepta
1037 341 1247 389 ecclesia
1273 358 1365 389 sua
1390 342 1442 389 et
1466 340 1819 389 adiacentibus
1839 339 2020 402 agellis

414 426 627 474 habens.
704 426 1065 473 Tetenderunt
1100 442 1219 488 ergo
1253 425 1299 473 ei
1337 425 1595 487 egrotanti
1630 423 1918 472 tentorium
1955 423 2019 471 ad

418 508 792 557 occidentalem
823 509 1061 557 ecclesiae
1089 511 1304 572 partem,
1336 508 1408 556 ita
1440 510 1500 556 ut
1528 508 1701 570 ipsum
1735 506 2021 554 tentorium

419 592 602 654 parieti
626 593 830 640 hereret
855 592 1111 641 ecclesiae.
1190 592 1347 641 Unde
1372 592 1571 639 factum
1597 593 1688 649 est,
1721 592 1780 638 ut
1804 590 2022 638 adclinis

421 676 665 733 destinae,
698 693 828 738 quae
854 676 1175 724 extrinsecus
1206 675 1448 723 ecclesiae
1476 692 1566 737 pro
1592 673 1890 721 munimine
1917 674 2025 720 erat

421 760 667 822 adposita,
722 760 966 821 spiritum
1014 760 1154 807 uitae
1203 759 1467 807 exhalaret
1518 758 1781 806 ultimum.
1884 756 2025 805 Obiit

422 846 598 891 autem
641 843 863 905 septimo
907 843 1107 891 decimo
1151 842 1477 905 episcopatus
1520 842 1602 890 sui
1649 859 1801 902 anno,
1856 840 2026 902 pridie

424 927 784 975 Kalendarum
825 927 1229 989 Septembrium.
1308 927 1468 975 Cuius
1510 942 1696 988 corpus
1739 942 1863 972 mox
1905 924 2027 971 inde

422 1011 739 1058 translatum
781 1011 844 1058 ad
887 1010 1116 1058 insulam
1166 1006 1724 1067 Lindisfarnensiu1n2‚
1773 1011 1928 1071 atque
1971 1007 2029 1054 in

424 1094 698 1157 cymiterio
718 1093 939 1141 fratrum
960 1094 1226 1156 sepultum
1244 1095 1332 1141 est.
1409 1095 1485 1141 At
1504 1093 1775 1141 interiecto
1794 1094 2028 1154 tempore

423 1178 702 1239 aliquanto,
735 1194 854 1224 cum
873 1176 1119 1225 fabricata
1145 1179 1279 1224 esset
1305 1176 1378 1224 ibi
1401 1177 1640 1225 basilica3
1666 1176 1843 1237 maior,
1875 1177 2030 1237 atque

424 1261 480 1308 in
505 1261 761 1308 honorem
787 1260 1075 1308 beatissimi
1110 1260 1465 1322 apostolorum
1498 1260 1750 1323 principis
1780 1259 2025 1318 dedicata,

425 1343 517 1392 illo
544 1360 658 1391 ossa
684 1343 797 1391 eius
820 1343 1087 1405 translata⁷
1118 1345 1274 1406 atque
1298 1345 1362 1392 ad
1390 1344 1655 1392 dexteram
1686 1343 1863 1391 altaris
1888 1342 2033 1390 iuxta

427 1427 822 1475 uenerationem
849 1428 995 1475 tanto
1021 1427 1267 1489 pontifice
1293 1427 1508 1489 dignam
1533 1427 1742 1475 condita
1762 1427 1899 1474 sunt.

499 1510 757 1559 Successit
793 1527 915 1559 uero
948 1510 997 1557 ei
1030 1510 1086 1558 in
1120 1510 1473 1573 episcopatum
1507 1510 1687 1570 Finan‚
1720 1511 1771 1557 et
1807 1509 1917 1571 ipse
1943 1508 2033 1556 illo

429 1595 493 1643 ab
524 1594 621 1642 Η11
654 1595 951 1643 Scottorum
984 1594 1158 1642 insula
1194 1610 1251 1642 ac
1284 1593 1603 1642 monasterio
1641 1592 1946 1653 destinatus,
1979 1608 2035 1640 ac

431 1680 663 1740 tempore
690 1695 797 1725 non
822 1695 984 1740 pauco
1010 1678 1066 1725 in
1100 1677 1399 1740 episcopatu
1423 1676 1726 1740 permansit.
1804 1676 2038 1739 Contigit

431 1763 609 1810 autem
648 1763 768 1823 post
804 1761 1003 1824 aliquot
1046 1777 1226 1823 annos,
1274 1763 1334 1809 ut
1374 1761 1555 1809 Penda
1592 1759 1903 1808 Merciorum
1945 1775 2038 1807 rex

432 1862 554 1893 cum
596 1845 776 1892 hostili
833 1845 1058 1893 exercitu
1107 1846 1232 1894 haec
1274 1845 1331 1892 in
1380 1845 1490 1894 loca
1536 1843 1863 1907 perueniens‚
1919 1859 2038 1890 cum

433 1930 634 1990 cuncta,
665 1945 796 1990 quae
828 1930 1042 1991 poterat,
1082 1929 1218 1978 ferro
1251 1929 1567 1991 flammaque
1605 1927 1855 1990 perderet,
1894 1926 2040 1974 uicus

435 2029 641 2075 quoque
679 2012 768 2059 ille
783 2012 813 2073 4,
860 2012 917 2060 in
950 2030 1052 2075 quo
1089 2013 1307 2061 antistes
1347 2012 1488 2072 obiit,
1533 2028 1638 2059 una
1670 2028 1791 2059 cum
1828 2010 2040 2058 ecclesia

447 2093 451 2160 1
497 2098 787 2143 memorata
834 2096 1063 2144 fiammis
1112 2097 1486 2145 absumeretur.
1582 2095 1684 2144 Sed
1737 2094 1934 2142 mirum
1982 2093 2039 2141 in

435 2179 655 2227 modum
713 2179 823 2227 sola
870 2179 961 2227 illa
1010 2180 1225 2241 destina,
1282 2179 1363 2227 cui
1420 2179 1733 2226 incumbens
1781 2177 1924 2238 obiit,
1978 2177 2042 2225 ab

436 2262 649 2326 ignibus
684 2262 877 2311 circum
904 2265 1088 2311 cuncta
1125 2263 1434 2311 uorantibus
1470 2261 1675 2310 absumi
1712 2278 1818 2309 non
1852 2261 2037 2323 potuit.

438 2347 551 2407 Quo
585 2346 897 2394 clarescente
928 2346 1192 2405 miraculo,
1229 2363 1352 2394 mox
1381 2345 1581 2393 ibidem
1615 2344 1827 2392 ecclesia
1856 2346 2044 2393 restau-

439 2431 561 2490 rata,
585 2431 636 2477 et
656 2430 780 2477 haec
799 2431 980 2478 eadem
996 2430 1199 2478 destina
1218 2430 1276 2478 in
1295 2429 1694 2477 munimentum
1714 2430 1794 2476 est
1814 2429 2037 2491 parietis,

442 2517 501 2563 ut
521 2517 644 2562 ante
669 2514 849 2574 fuerat,
874 2514 1159 2561 forinsecus
1175 2513 1422 2575 adposita.
1489 2513 1822 2576 Rursumque
1840 2514 2045 2575 peracto

443 2603 680 2663 tempore
715 2598 997 2660 aliquanto,
1030 2597 1205 2645 euenit
1235 2613 1328 2659 per
1364 2596 1572 2659 culpam
1606 2597 1836 2644 incuriae
1868 2596 2045 2644 uicum

444 2685 671 2732 eundem
710 2684 761 2730 et
799 2682 967 2744 ipsam
1004 2680 1197 2743 pariter
1234 2680 1503 2728 ecclesiam
1539 2679 1750 2743 ignibus
1788 2678 2040 2728 consumi.

446 2768 547 2816 Sed
573 2784 640 2815 ne
665 2768 790 2814 tunc
811 2765 1024 2827 quidem
1049 2764 1269 2812 eandem
1285 2764 1301 2788 5
1321 2765 1532 2826 tangere
1551 2763 1764 2811 flamma
1790 2763 2047 2811 destinam

449 2852 654 2900 ualebat
676 2869 686 2911 ;
729 2851 780 2898 et
805 2866 924 2897 cum
949 2865 1141 2912 magno
1167 2847 1347 2910 utique
1373 2847 1621 2895 miraculo
1647 2847 1758 2910 ipsa
1786 2847 1896 2894 eius
1920 2846 2048 2894 fora-

446 2935 591 2983 mina
607 2934 920 2997 ingrediens,
944 2933 1133 2995 quibus
1158 2931 1390 2980 aedificio
1417 2933 1527 2978 erat
1551 2931 1733 2991 adfixa,
1760 2930 2040 2993 perederet,

446 3019 615 3081 ipsam
640 3020 819 3067 tamen
845 3016 1014 3065 ledere
1039 3015 1340 3064 nullatenus
1356 3014 1635 3063 sinebatur.
1716 3014 1868 3062 Unde
1894 3012 2047 3062 tertio

503 3142 516 3164 ¹
546 3144 662 3193 regis
684 3143 740 3182 M.
764 3142 816 3180 N.
931 3139 946 3161 2
975 3140 1215 3190 lindispar-
1237 3138 1288 3177 N.
1384 3137 1398 3159 ³
1429 3138 1614 3178 ecclesia
1636 3138 1679 3178 C.
1706 3139 1757 3178 D.
1780 3139 1839 3185 06.
1926 3138 1940 3160 4
1972 3139 2049 3177 1113

448 3223 523 3249 om.
548 3210 604 3249 M.
788 3207 803 3230 ⁵
833 3207 1024 3246 eandem
1045 3219 1118 3245 om.
1141 3206 1189 3246 C.¹
1213 3206 1266 3245 D.
1289 3205 1351 3253 R„
1375 3205 1439 3253 O„

2070 2105 2097 2141 f.
2116 2106 2159 2148 56
2177 2117 2210 2139 a.
