2240 3444
698 754 962 814 LIBER
1021 756 1432 830 QUINTUS.

951 924 1101 972 CAP.
1147 924 1186 972 I.

277 1041 322 1077 Ut
345 1037 565 1076 Oicliluald¹
587 1051 776 1077 successor
799 1042 993 1078 Cudbcrctz'
1008 1040 1021 1059 ’·’
1039 1044 1082 1078 in
1101 1044 1365 1079 anachoretisa
1381 1041 1393 1060 ³
1416 1045 1509 1083 uim,
1530 1045 1789 1079 lnlnmrnrilms
1813 1049 1848 1079 iu

569 1107 674 1141 mari
684 1105 897 1150 fratribuS‚
923 1110 1174 1152 tempestatem
1193 1111 1334 1145 orando
1355 1110 1555 1145 sedaverit.

338 1214 618 1263 SUOCEssrr
662 1220 838 1265 autem
877 1217 989 1264 uiro
1030 1217 1243 1265 Domini
1282 1218 1583 1266 Cudbercto⁴
1627 1219 1679 1265 in
1721 1237 1851 1266 exi-r·
1884 1234 2104 1268 fithom—2214

269 1297 431 1345 cenda
456 1299 566 1346 uita
590 1298 829 1359 solitaria,
861 1315 1018 1361 quam
1052 1299 1107 1346 in
1138 1300 1310 1347 insula
1336 1300 1498 1347 Farne
1522 1304 1640 1348 ante
1671 1302 1852 1362 episco-

1881 1286 2067 1318 succi-eds·

1882 1333 2078 1367 Cuthbvrt

268 1382 420 1445 patus
436 1380 518 1428 sui
535 1383 770 1442 tempora
788 1382 1009 1444 gerebat,
1026 1381 1107 1428 uir
1123 1382 1430 1429 uenerabilis
1447 1383 1705 1430 Oidiluald
1722 1385 1746 1441 ³,
1765 1385 1849 1444 qui
1881 1393 1924 1416 «Ἡ
1943 1383 2074 1416 ³²¹¹‘·¹¹⁴’

1883 1431 1959 1465 rite
1979 1434 2023 1463 ot·

267 1462 454 1510 multis
489 1462 642 1511 annis
677 1463 734 1510 in
774 1463 1100 1524 monasterio,
1147 1464 1279 1526 quod
1320 1464 1505 1511 dicitur
1540 1465 1844 1526 Inhrypunl,
1882 1481 2021 1515 Fame.

267 1547 534 1606 acceptum
567 1545 956 1608 presbyteratus
995 1546 1219 1593 officium
1254 1546 1522 1608 condignis
1555 1547 1711 1608 gradu
1744 1547 1850 1608 ipse

267 1628 600 1676 consecrabat
624 1628 836 1676 actibus.
909 1628 1068 1676 Cuius
1086 1630 1144 1676 ut
1163 1628 1421 1686 meritum,
1449 1628 1531 1675 uel
1559 1628 1666 1675 uita
1687 1628 1850 1689 qualis

265 1709 435 1771 fuerit,
478 1711 666 1759 certius
703 1711 958 1769 clarescat,
989 1727 1155 1758 unum
1194 1710 1303 1758 eius
1340 1727 1488 1758 narro
1525 1711 1843 1758 miraculum.

267 1793 402 1854 quod
428 1792 563 1840 mihi
594 1810 733 1840 unus
758 1810 785 1840 e
813 1792 1073 1853 fratribus,
1104 1794 1310 1859 propter
1342 1809 1468 1854 quos
1500 1795 1550 1839 et
1584 1793 1637 1839 in
1664 1792 1848 1853 quibus

265 1876 530 1936 patratum
558 1877 650 1936 est,
680 1875 790 1937 ipse
821 1875 1064 1936 narrauit,
1090 1874 1330 1922 uidelicet
1351 1874 1570 1922 Gudfrid
1591 1876 1619 1934 ὓ,
1646 1891 1848 1922 uenera-

266 1956 388 2004 bilis
430 1957 625 2005 Christi
668 1957 898 2005 famulus
936 1960 986 2005 et
1022 1958 1299 2020 presbyter,
1345 1957 1433 2019 qui
1482 1957 1636 2004 etiam
1673 1960 1844 2018 postea

264 2039 511 2088 fratribus
558 2040 789 2088 eiusdem
847 2040 1085 2088 ecclesiae
1140 2039 1589 2098 Lindisfarnensis,
1645 2039 1699 2086 in
1749 2056 1844 2100 qua

264 2122 512 2172 educatus
537 2125 630 2184 est,
660 2122 860 2171 abbatis
886 2123 998 2172 iure
1022 2122 1254 2185 praefuit.

341 2205 547 2267 ‘Ueni,’
596 2206 783 2268 inquit,
845 2206 994 2254 ‘cum
1043 2205 1246 2253 duobus
1293 2205 1541 2252 fratribus
1588 2204 1844 2251 aliis7'ad
1878 2217 2103 2253 Anium-le.

264 2287 494 2336 insulam
536 2290 717 2349 Farne,
759 2288 904 2351 loqui
941 2287 1235 2336 desiderans
1277 2304 1395 2335 cum
1434 2286 1846 2334 reuerentissimo

264 2373 408 2433 patre
445 2371 779 2431 Oidilualdo;
817 2387 1042 2432 cumque
1077 2370 1387 2418 allocutione
1424 2371 1532 2417 eius
1568 2368 1752 2428 refecti,
1799 2373 1844 2415 et

263 2453 627 2502 benedictione
674 2454 838 2517 petita
884 2455 1099 2502 domum
1149 2452 1445 2509 rediremus,
1500 2467 1611 2498 ecce
1658 2451 1839 2499 subito.

263 2536 446 2598 positis
483 2536 632 2584 nobis
668 2537 724 2584 in
760 2537 932 2584 medio
970 2535 1115 2595 mari,
1147 2535 1432 2595 interrupta
1468 2536 1545 2580 est
1582 2532 1837 2581 serenitas.

263 2635 365 2680 qua
398 2619 729 2680 uehebamur,
763 2622 813 2667 et
847 2621 993 2667 tanta
1026 2617 1221 2679 ingruit
1254 2619 1462 2677 tamque
1496 2615 1600 2661 fora
1625 2617 1840 2674 tempes-

261 2701 385 2749 tatis
421 2701 605 2762 hiemS,
656 2705 713 2750 ut
756 2718 924 2764 neque
961 2700 1075 2749 uelo
1113 2716 1282 2760 neque
1317 2697 1530 2758 remigio
1568 2696 1837 2756 quicquam

258 2784 517 2846 proficere,
549 2800 716 2846 neque
736 2784 877 2832 aliud
899 2800 1054 2846 quam
1074 2784 1294 2829 mortem
1315 2795 1513 2841 sperare
1534 2778 1831 2825 ualerennffi.

259 2867 497 2928 Cumque
546 2865 636 2915 diu
684 2867 915 2915 multum
964 2881 1081 2913 cum
1130 2865 1285 2912 uento
1335 2861 1614 2923 pelagoque
1653 2860 1838 2905 frustra

314 2988 325 3010 ¹
355 2989 566 3027 oiouuald
588 2988 638 3028 C¹
659 3003 669 3038 3
699 2989 826 3028 oibil-
848 2987 907 3029 0².
1077 2985 1092 3007 ²
1119 2985 1350 3025 cubberhti
1374 2984 1417 3022 C.
1598 2983 1611 3002 ³⁴
1643 2984 1696 3018 sic
1717 2982 1762 3027 C,
1782 2985 1837 3018 nm

256 3058 375 3093 seribe
395 3054 491 3101 ofM
508 3058 580 3092 has
596 3058 812 3094 blundered.
931 3053 943 3074 ⁴
969 3052 1170 3091 -berchto
1192 3052 1235 3089 C.
1367 3049 1381 3070 ⁵
1411 3047 1586 3085 oiduald
1611 3047 1651 3085 M
1673 3060 1680 3093 ;
1711 3047 1836 3084 oidil-

256 3120 395 3158 uuald
417 3119 449 3157 C
470 3142 478 3174 3
508 3119 729 3158 aebeluald
752 3119 819 3160 B‘2.
976 3117 990 3139 ⁶
1018 3115 1244 3168 guffh'frid
1268 3115 1305 3154 N
1328 3128 1336 3160 ;
1367 3115 1466 3163 gyb-
1487 3114 1530 3151 C.
1673 3111 1686 3132 ⁷
1721 3111 1831 3152 aliis.

257 3189 380 3224 added
399 3199 449 3224 οη
467 3189 626 3233 marqz'n
647 3185 705 3225 M.
