2240 3444
20 472 40 507 ·“.
66 482 103 514 ¹4
122 482 155 505 a.

15 1455 61 1489 af.
81 1454 132 1490 ib.
156 1455 176 1501 ξι

15 1506 63 1540 16.

13 2522 40 2555 f.
68 2531 106 2563 14
123 2520 159 2553 b.

813 158 1036 206 auctore
1075 154 1279 206 Buedu.
1727 158 1827 206 375

257 315 401 348 meae
438 297 612 346 crebre
648 297 1078 359 peregrinationis
1114 297 1370 344 discursus
1407 299 1824 359 optima‹·‹.111.‹·1·i.

258 383 371 430 hacc
412 379 654 427 uniuersa
703 379 860 434 didici,
915 380 966 424 et
1015 377 1160 423 uobis
1207 377 1473 424 salubriter
1520 379 1832 426 obseruanda

258 461 576 511 contradidi?
609 459 615 523 Ι
649 459 1023 506 Bibliothecam
1073 475 1224 520 quam
1274 459 1336 504 (le
1388 460 1544 506 Roma
1588 460 1831 505 nobilissi-

256 561 398 592 mam
447 541 953 604 copiosissimamque
1001 540 1285 591 aduexerat.
1331 540 1391 586 ad
1442 540 1827 586 inst1·11‹·1i‹‚11‹-111

255 624 525 673 aecclesiae
563 621 914 680 necessariam,
947 620 1162 667 sollicite
1197 620 1385 666 seruari
1418 621 1683 677 integram,
1719 620 1829 667 n‹·‹·'

255 723 345 768 per
380 705 631 753 incuriam
669 702 844 762 fedari,
887 704 976 750 aut
1008 701 1197 763 passim
1218 701 1233 724 ²¹
1265 701 1497 762 dissipari
1517 704 1532 724 ³¹
1567 703 1826 762 prm-cepit.

257 789 355 836 Sed
381 789 433 835 et
469 787 564 834 hoc
598 784 808 832 sedulus
840 783 1032 830 eisdem
1069 783 1264 830 solebat
1302 783 1482 829 iterare
1515 783 1826 832 mandatum,

256 886 321 917 ne
347 869 463 932 quis
488 868 542 915 in
569 866 819 914 electione
845 864 1057 924 abbatis,
1088 863 1288 926 generis
1323 864 1621 925 prosapiam.
1652 866 1699 909 vt
1730 880 1829 909 non

255 952 421 1014 magis
476 949 690 998 uiuendi
738 947 1058 1008 docendique
1101 946 1407 1008 probitatem
1466 948 1666 1006 putaret
1726 961 1834 990 0551·

255 1033 613 1097 quaerendam.
697 1031 792 1077 ‘Et
830 1030 983 1089 uere,'
1013 1028 1198 1089 inquit,
1235 1030 1244 1050 ‘
1280 1027 1391 1075 dico
1429 1027 1586 1078 uobis,
1626 1026 1744 1088 quia
1783 1026 1829 1071 in

254 1115 618 1178 conparatione
689 1114 911 1161 duorum
982 1110 1250 1170 malorum,
1321 1108 1642 1157 tolerabilius
1705 1107 1831 1153 mihi

253 1199 461 1247 multo''¹
503 1199 580 1244 est
619 1199 791 1244 totum
831 1194 971 1241 hunc
1019 1192 1189 1239 locum
1230 1192 1284 1238 in
1326 1207 1426 1252 quo
1465 1189 1832 1237 monasterium

254 1280 364 1341 feci,
419 1280 461 1328 si
509 1279 581 1326 sic
630 1275 934 1326 indicauerit
977 1275 1129 1334 Deus,
1171 1273 1226 1320 in
1274 1273 1606 1320 solitudinem
1656 1270 1837 1331 sempi-

252 1367 457 1412 ternam
506 1361 682 1423 redigi,
728 1375 883 1422 quam
930 1360 988 1404 ut
1025 1357 1182 1403 frater
1221 1371 1368 1402 meus
1407 1353 1634 1411 carnalis,
1680 1368 1833 1413 quem

253 1445 498 1494 nouimus
537 1443 678 1491 uiam
720 1439 953 1490 ueritatis
1001 1455 1106 1486 non
1153 1436 1368 1499 ingredi,
1408 1436 1463 1482 in
1511 1452 1569 1482 eo
1614 1433 1835 1495 regendo

253 1531 370 1592 post
406 1544 491 1575 me
526 1525 724 1574 abbatis
761 1523 973 1570 nomine
1011 1520 1256 1568 succedat.
1335 1518 1559 1578 Ideoque
1607 1515 1833 1563 multum

255 1612 486 1659 cauetote
510 1609 692 1656 fratres
718 1621 933 1666 semper,
964 1620 1029 1650 ne
1059 1601 1342 1650 secundum
1380 1615 1542 1661 genus
1571 1613 1828 1658 umquam,

255 1694 352 1742 ne⁵
401 1691 590 1740 deforis
649 1688 871 1744 aliunde,
925 1685 1073 1733 uobis
1131 1686 1328 1746 patrem
1383 1679 1646 1742 quaeratis.
1735 1677 1832 1725 Sed

254 1777 397 1824 iuxta
434 1773 569 1836 quod
608 1773 772 1832 reyula
808 1767 1019 1830 magni⁶
1045 1765 1304 1828 quondam
1340 1762 1534 1810 abbatis
1570 1761 1829 1809 Benedicti,

255 1859 400 1907 iuxta
439 1856 574 1919 quod
601 1853 859 1916 prizc‘ileyii
894 1848 1058 1898 nostri
1095 1849 1342 1896 continent
1377 1845 1585 1902 decreta,
1628 1843 1682 1889 in
1719 1858 1833 1888 con-

255 1943 421 1989 uentu
470 1940 671 1986 uestrae
723 1930 1131 1995 congregationis
1173 1927 1437 1976 communi
1480 1924 1692 1973 consilio
1734 1939 1836 1984 per-

257 2022 486 2087 quiratis,
537 2019 626 2082 qui
674 2016 960 2066 secundum
1006 2015 1136 2061 uitae
1175 2011 1420 2059 meritum
1468 2010 1519 2055 et
1561 2005 1836 2067 sapientiae

257 2108 532 2156 doctriwam
580 2099 780 2164 aptior7
822 2098 884 2146 ad
931 2095 1034 2144 tale
1075 2092 1426 2142 ministerium
1468 2087 1835 2152 perficiendum

256 2188 562 2253 digniorque
591 2183 848 2246 probetur,
879 2181 927 2226 et
954 2191 1311 2239 quemcunque
1348 2188 1528 2220 omnes
1560 2169 1802 2217 unanime
1825 2171 1836 2182 “’

257 2266 481 2317 caritatis
506 2261 842 2325 inquisitione
873 2257 1129 2319 optimum
1159 2252 1522 2315 cognoscentes
1550 2245 1800 2309 elegeritis
1826 2262 1835 2302 ;

257 2350 398 2397 hunc
436 2346 584 2395 uobis
620 2343 778 2392 accito
816 2339 1050 2402 episcopo
1092 2334 1280 2397 rogetis
1318 2333 1555 2380 abbatem
1598 2329 1836 2376 consueta

256 2429 613 2480 benedictione
638 2423 847 2473 firmari.
914 2420 1049 2467 Nam
1075 2417 1162 2479 qui
1188 2415 1409 2474 carnali,’
1435 2411 1604 2473 inquit
1635 2408 1836 2456 ‘ordine

259 2509 488 2558 carnales
503 2507 638 2554 filios
653 2502 915 2567 generant,
937 2496 1128 2546 carnali
1145 2510 1347 2542 necesse
1380 2491 1384 2555 l
1418 2492 1519 2538 est⁹
1538 2505 1593 2535 ac
1609 2494 1834 2534 terrenae

260 2608 381 2640 suae
405 2587 683 2637 hereditati
709 2582 938 2633 carnales
970 2582 1299 2638 terrenosque
1329 2573 1574 2635 quaerant
1598 2567 1833 2623 heredes3

259 2677 311 2722 at
346 2672 435 2735 qui
465 2669 721 2733 spiritales
758 2668 867 2715 Deo
897 2662 1032 2711 filios
1065 2657 1280 2721 spiritali
1314 2654 1509 2703 semine
1546 2649 1689 2697 uerbi
1723 2664 1833 2708 pro·

260 2756 447 2813 creant,
478 2749 727 2814 spiritalia
752 2747 950 2809 oportet
977 2743 1081 2790 sint
1106 2741 1289 2787 cuncta
1313 2752 1439 2798 quae
1464 2734 1636 2794 agunt.
1693 2730 1836 2775 Inter

261 2835 520 2900 spiritales
569 2849 690 2881 suos
737 2830 925 2877 liberos
972 2840 1090 2872 eum
1151 2820 1396 2868 maiorem
1456 2815 1543 2877 qui
1601 2809 1834 2872 ampliori

262 2919 475 2983 spiritus
499 2915 661 2978 gratia
685 2913 753 2961 sit
775 2908 1040 2974 praeditus
1057 2903 1341 2960 aestiment,
1368 2895 1622 2960 quomodo
1649 2891 1832 2940 terreni

317 3068 329 3089 ¹
359 3081 416 3108 ne
438 3068 558 3107 MSS.
698 3063 712 3085 ²
740 3062 926 3112 spassim
943 3059 988 3097 P.
1128 3052 1142 3074 ³
1172 3054 1274 3092 diss.
1299 3051 1439 3100 posset
1462 3053 1511 3085 Δ.
1679 3041 1691 3062 ⁴
1725 3040 1835 3078 mul-

263 3140 362 3175 tum
385 3135 434 3172 B.
566 3133 581 3156 ⁵
610 3142 691 3169 nec
712 3134 748 3166 Δ
892 3129 906 3145 ⁰
935 3133 1096 3172 magna
1117 3119 1190 3167 H„
1322 3114 1334 3135 ⁷
1365 3126 1429 3151 -ra
1452 3113 1500 3150 B.
1639 3110 1650 3123 '⁸
1681 3106 1759 3143 -mi
1786 3105 1835 3142 D.

264 3204 311 3244 P.
333 3203 378 3243 C.
404 3203 454 3242 B.
479 3202 526 3240 F.
655 3199 670 3222 ⁹
698 3199 765 3236 est
784 3208 857 3234 om.
881 3193 961 3242 H1.
