2240 3444
353 83 457 132 150
801 81 869 133 H
866 81 1071 136 istoria
1109 82 1501 136 Ecclesiastica
1742 91 1851 144 [Lm.
1878 96 1949 134 111.

348 227 523 275 conati
570 244 900 291 nequaquam
943 229 1198 291 ualebant,
1255 230 1457 279 dicebat
1499 230 1770 293 presbyter
1817 247 1955 278 exor-

351 311 553 373 cismos,
586 314 637 360 et
676 329 908 375 quaeque
936 315 1148 375 poterat,
1184 331 1278 376 pro
1317 315 1543 363 sedando
1572 313 1751 361 miseri
1780 314 1954 362 furore

350 395 547 457 agebat.
627 396 727 444 Sed
788 413 883 444 nec
932 397 1053 459 ipse,
1110 397 1351 459 quamuis
1406 398 1638 446 multum
1698 397 1951 457 laboranS,

352 478 599 540 proficere
636 479 833 542 aliquid
862 479 1080 528 ualebat.
1160 481 1397 543 Cumque
1430 481 1505 529 nil
1544 480 1727 529 salutis
1762 480 1958 528 furenti

354 579 621 624 superesse
664 562 944 624 uideretur,
993 566 1207 625 repente
1248 564 1396 612 uenit
1437 564 1493 612 in
1532 566 1768 612 mentem
1811 563 1959 612 abba-

354 645 509 693 tissae
556 644 735 707 puluis
800 645 890 692 ille
951 646 1245 707 praefatus3
1322 648 1603 710 statimque
1669 646 1822 695 iussit
1885 646 1959 694 ire

356 728 667 789 ministram,
713 730 764 775 et
804 728 1094 790 capsellam,
1137 729 1194 776 111
1238 747 1338 792 qua
1381 732 1502 792 erat,
1550 731 1818 779 adducere.
1891 729 1961 777 Et

357 828 477 859 cum
521 811 609 858 illa
657 811 911 872 adferens,
963 829 1092 873 quae
1141 813 1281 861 iussa
1321 815 1410 875 est,
1465 813 1713 862 intraretl
1764 813 1961 862 atrium

358 895 557 955 domus,
588 895 644 941 in
672 894 818 942 cuius
842 895 1179 945 interioribus
1209 897 1574 946 daemoniosus
1605 898 1956 960 torquebatur,

358 977 608 1026 conticuit
656 977 745 1025 ille
794 978 981 1039 subito,
1036 981 1087 1027 et
1142 981 1289 1042 quasi
1341 981 1398 1028 in
1455 998 1702 1029 somnum
1759 981 1964 1028 laxatus

360 1061 600 1123 deposuit
627 1063 794 1123 caput,
827 1063 1064 1111 membra
1088 1062 1144 1110 in
1173 1063 1400 1125 quietem
1428 1065 1604 1113 omnia
1629 1064 1917 1128 conposuit.

561 1164 569 1179 ⁶
589 1159 852 1197 Conticuere
883 1171 1051 1210 omnes,
1083 1158 1087 1213 Ι
1114 1161 1372 1211 intentique
1404 1175 1480 1200 ora
1509 1162 1760 1209 teneba11t‚'
1893 1170 1897 1174 '
1995 1166 2022 1201 f.
2044 1178 2084 1211 52
2104 1167 2139 1201 b.

747 1244 756 1252 .
1295 1247 1304 1255 .
1343 1247 1351 1256 .
1387 1248 1396 1256 .
1995 1218 2115 1261 Verg.

363 1261 519 1307 quem
559 1260 640 1291 res
677 1247 878 1293 exitum
920 1245 1149 1303 haberet,
1189 1247 1400 1295 solliciti
1448 1251 1819 1311 exspectantes.
1898 1247 1967 1296 Et
1998 1268 2100 1303 Aen.
2123 1267 2163 1302 ii.
2185 1279 2212 1300 1.

361 1331 482 1390 post
507 1329 836 1391 aliquantum
863 1329 1019 1378 horae
1045 1330 1275 1392 spatium
1307 1332 1499 1380 resedit
1533 1332 1623 1395 qui
1657 1332 1957 1393 uexabatur,

365 1416 416 1461 et
454 1415 685 1476 grauiter
717 1413 1016 1475 suspirans:
1069 1414 1286 1476 ‘Modo,'
1315 1416 1503 1478 inquit,
1555 1418 1770 1464 ‘sanum
1801 1415 1956 1477 sapio,

363 1495 567 1558 recepi2
626 1498 767 1544 enim
829 1513 1042 1545 sensum
1101 1497 1268 1545 animi
1315 1498 1455 1547 mei.’
1526 1500 1601 1548 At
1650 1500 1730 1547 illi
1783 1499 1965 1547 sedulo

365 1580 771 1640 sciscitabantur,
833 1582 1092 1643 quomodo
1141 1581 1238 1629 hoc
1287 1582 1602 1644 contigisset.
1703 1582 1802 1644 Qui
1861 1583 1969 1630 ait:

373 1666 524 1713 ‘Mox
572 1667 630 1712 ut
677 1664 825 1727 uirgo
878 1665 1003 1712 haec
1047 1682 1168 1713 cum
1218 1667 1452 1729 capsella,
1509 1684 1666 1729 quam
1715 1667 1965 1730 portabat,

368 1745 809 1808 adpropinquauit
827 1746 842 1770 3
868 1745 1000 1793 atrio
1028 1746 1216 1794 domus
1249 1746 1420 1808 huius,
1461 1747 1743 1796 discessere
1769 1764 1970 1804 omnes,

369 1830 460 1892 qui
508 1846 592 1877 me
640 1829 961 1891 premebant,
1017 1830 1235 1892 spiritus
1276 1831 1508 1895 maligni,
1564 1835 1615 1880 et
1662 1849 1748 1880 me
1796 1831 1976 1879 relicto

371 1929 631 1974 nusquam
681 1914 1100 1974 conparuerunt.'
1202 1914 1348 1962 Tunc
1411 1915 1554 1963 dedit
1615 1915 1662 1962 ei
1720 1915 1975 1963 abbatissa

371 1995 755 2058 portiunculam
797 1996 859 2043 de
899 1996 1113 2057 puluere
1152 1997 1255 2057 illo,
1306 2000 1358 2044 et
1401 1998 1473 2045 sic
1514 1999 1633 2046 data
1676 1998 1907 2046 oratione
1949 2016 1977 2046 a

372 2079 688 2142 presbytero,
735 2081 942 2127 noctem
979 2079 1127 2127 illam
1166 2081 1547 2143 quietissimam
1589 2082 1769 2142 duxit,
1808 2099 1979 2144 neque

374 2162 572 2223 aliquid
599 2179 662 2210 ex
689 2178 747 2209 eo
778 2164 1012 2224 tempore
1046 2164 1291 2212 nocturni
1324 2165 1532 2213 timoris
1565 2168 1656 2213 aut
1684 2165 1977 2214 uexationis

375 2244 438 2292 ab
465 2245 680 2308 antiquo
700 2245 850 2293 hoste
873 2247 1104 2308 pertulit.

1021 2420 1174 2468 CAP.
1206 2421 1334 2469 XII.

646 2562 691 2597 Ut
708 2557 721 2579 ⁴²
740 2563 793 2598 acl
813 2563 990 2598 tumbam
1011 2563 1096 2599 eius
1116 2564 1166 2598 sit
1178 2564 1371 2606 puerulus
1391 2563 1533 2608 asebre
1552 2567 1727 2602 curatus.

89 2683 125 2717 A
146 2683 221 2725 ΜΨ
450 2676 728 2733 SEQUENTE
759 2674 947 2722 dehinc
981 2676 1214 2737 tempore
1243 2676 1344 2723 fuit
1369 2676 1425 2724 in
1459 2677 1640 2725 eodem
1666 2678 1982 2726 monasterio

89 2733 214 2818 {22¹5}ss
235 2730 275 2765 of
379 2759 630 2822 puerulus
668 2758 894 2821 quidam,
931 2758 1087 2821 longo
1124 2759 1348 2807 febrium
1385 2759 1718 2809 incommodo
1757 2761 1986 2824 grauiter

381 2844 611 2891 uexatus.
714 2841 813 2902 Qui
862 2859 982 2890 cum
1031 2842 1113 2891 die
1175 2843 1429 2905 quadam5
1489 2844 1743 2892 sollicitus
1801 2845 1985 2893 horam

439 2980 451 3001 ¹
482 2982 675 3019 intrauit
698 2981 749 3019 N.
875 2978 890 3000 2
927 2980 1064 3029 recipi
1087 2980 1144 3019 M.
1280 2979 1295 3000 ³
1325 2981 1437 3018 -abit
1461 2980 1517 3020 M.
1654 2980 1668 3002 ‘¹
1699 2984 1790 3020 lee's
1818 2985 1986 3028 heading!

382 3061 463 3086 was
492 3052 644 3085 omitted
672 3051 717 3094 by
738 3051 797 3085 the
817 3050 934 3085 scribe
954 3050 1064 3094 from
1085 3050 1143 3084 the
1173 3049 1343 3092 capitula
1363 3050 1408 3093 os
1421 3047 1478 3085 M.
1539 3050 1579 3085 It
1607 3051 1643 3085 is
1669 3050 1832 3086 inserted
1858 3061 1907 3085 οη
1926 3051 1986 3085 the

380 3117 490 3152 lower
516 3117 684 3164 mamm,
709 3117 791 3151 and
818 3118 876 3152 the
906 3117 1089 3152 numbers
1121 3114 1165 3160 of
1186 3116 1239 3151 all
1270 3116 1327 3150 tlte
1348 3116 1574 3160 subsequent
1595 3117 1768 3160 Chapters
1788 3117 1880 3152 hare
1902 3116 1983 3151 been

382 3185 537 3221 altered.
705 3181 718 3202 ⁵
747 3180 943 3230 quodam
965 3179 1022 3218 M.
