2240 3444
276 117 375 156 Cn.
400 112 496 163 HL]
781 104 970 158 Gentis
1010 106 1342 175 Anylorzmn.
1739 122 1842 170 5207

274 248 628 310 episcopatum
655 248 823 310 gentis
849 248 1155 299 Merciorum
1182 253 1334 301 simul
1363 258 1411 302 οἱ
1440 256 1839 308 Limlisfarorum

273 330 487 391 Ceadda,
519 330 665 377 iuxta
695 331 932 393 exempla
967 334 1171 394 patrum
1208 337 1548 397 antiquorum.
1582 341 1630 386 iu
1665 359 1840 399 magna

272 413 410 460 uitae
445 412 758 474 perfectione
794 413 1155 462 administrare
1192 419 1420 476 curauit3
1459 421 1535 466 cui
1575 424 1724 469 otiam
1763 441 1842 470 rex

271 492 550 543 Uulfheri¹
578 494 790 542 donauit
824 498 1015 543 terrani
1049 497 1090 543 L
1127 497 1439 547 familiarum
1472 502 1530 548 ad
1559 510 1846 552 consu—nvn-

273 577 398 624 dum
436 576 811 624 monasterium
848 576 904 624 in
947 577 1069 638 loco,
1106 579 1194 640 qui
1233 580 1418 628 dicitur
1453 583 1759 635 A‹l}›ar11:u·'·'.
1799 588 1843 632 i‹l

271 660 349 706 est
388 659 473 706 Ad
515 658 727 719 Nemus,
771 659 826 706 in
865 660 1128 721 prouincia
1170 661 1410 721 Lindissi‚
1455 664 1509 710 in
1550 682 1647 726 quo
1691 684 1846 728 usqu·-

270 740 424 788 hodie
463 740 703 788 instituta
752 740 815 788 ab
855 741 966 803 ipso
1015 743 1262 804 regularis
1304 745 1440 792 uitae
1488 747 1701 808 uestigia
1748 766 1849 809 pm·-

270 825 498 872 manent.

339 905 542 953 Habuit
584 908 759 954 autern
798 907 974 955 sedem
1017 908 1355 970 episcopalem
1394 910 1448 957 in
1484 911 1605 963 loco,
1648 913 1731 973 qui
1771 930 1850 960 uo-
1880 928 2127 963 Hoflxvslm

270 991 414 1036 catur
458 988 832 1050 Lyceidfeltl1³‚
877 990 933 1037 in
973 1007 1073 1052 quo
1117 993 1167 1038 et
1211 991 1482 1039 defunctus
1524 1009 1577 1040 ac
1621 995 1850 1055 sepultus
1879 985 1995 1062 {²1²1st
2018 980 2125 1012 '³⁰¹¹'

271 1073 348 1118 est
370 1088 381 1130 ;
418 1070 508 1118 ubi
547 1086 711 1133 usque
754 1070 908 1119 hodie
947 1073 1278 1134 sequentium
1321 1090 1523 1135 quoque
1560 1076 1850 1136 prouinciae

268 1153 412 1201 illius
450 1153 806 1215 episcoporum
843 1154 989 1201 sedes
1025 1157 1114 1203 est.
1192 1155 1397 1203 Fecerat
1435 1173 1554 1204 uero
1591 1157 1689 1204 sibi
1715 1175 1849 1206 man-

270 1234 472 1283 sionem
520 1251 627 1283 non
676 1235 829 1298 longe
879 1235 942 1283 ab
991 1236 1201 1285 ecclesia
1248 1239 1574 1286 remotiorem
1596 1256 1606 1295 ;
1648 1239 1700 1286 in
1751 1257 1847 1302 qua

272 1317 518 1365 secretius
556 1334 676 1364 cum
712 1318 905 1379 paucis,
936 1318 988 1365 id
1022 1321 1099 1366 est
1123 1319 1232 1367 VII
1267 1320 1375 1367 siue
1404 1320 1557 1381 VIII,
1588 1321 1841 1372 fratribus,

272 1400 474 1462 quoties
510 1416 539 1447 a
571 1399 746 1447 labore
772 1402 823 1448 et
860 1400 1148 1449 ministerio
1182 1402 1326 1449 uerbi
1364 1403 1586 1462 uacabat,
1619 1420 1758 1451 orare
1792 1421 1846 1451 ac

270 1482 439 1545 legere
488 1482 698 1531 solebat.
776 1482 876 1543 Qui
933 1500 1053 1531 cum
1100 1484 1156 1531 in
1203 1484 1293 1531 illa
1339 1485 1599 1546 prouincia
1653 1487 1848 1534 duobus

271 1565 424 1612 annis
459 1581 516 1612 ac
555 1564 777 1613 dimidio
816 1565 1085 1614 ecclesiam
1116 1566 1480 1628 gloriosissime
1516 1569 1740 1625 rexisset,
1771 1568 1850 1615 ad-

271 1646 373 1695 fuit
388 1663 613 1709 superno
631 1647 964 1709 dispensante
983 1648 1171 1696 iudicio
1188 1651 1403 1711 tempus,
1427 1650 1489 1697 de
1509 1667 1607 1712 quo
1624 1650 1850 1712 loquitur

273 1729 623 1790 Ecclesiastes,
662 1731 817 1792 quia:
861 1730 1115 1792 ‘Tempus
1139 1731 1383 1779 mittendi
1406 1731 1611 1793 lapides,
1643 1735 1692 1779 et
1726 1735 1848 1779 tem·
1881 1746 2054 1789 stom-01

271 1828 370 1875 pus
406 1812 715 1874 colligendi?
788 1812 1099 1874 Superuenit
1135 1829 1359 1875 namque
1396 1813 1562 1861 clades
1599 1813 1850 1860 diuinitus
1881 1796 1944 1831 his
1963 1796 2094 1830 ‘¹⁰³¹'¹'

213 1932 220 1940 .
271 1894 443 1956 missa⁷
475 1911 604 1957 quae
629 1911 722 1957 per
751 1897 977 1943 mortem
1014 1895 1179 1943 carnis
1212 1897 1361 1943 uiuos
1390 1895 1627 1943 ecclesiae
1659 1895 1851 1956 lapides

272 1977 336 2025 de
360 1977 581 2026 terrenis
618 1978 827 2026 sedibus
861 1978 925 2025 ad
962 1978 1255 2026 aedificium
1293 1978 1506 2026 caeleste
1538 1978 1844 2025 transferret.

271 2061 509 2123 Cumque
546 2060 790 2122 plurimis
828 2061 892 2110 de
932 2060 1140 2109 ecclesia
1178 2061 1409 2109 eiusdem
1450 2060 1849 2109 reuerentissimi

271 2144 519 2192 antistitis
557 2144 619 2191 de
655 2159 805 2191 carne
842 2143 1133 2202 subtractis,
1176 2143 1376 2191 ueniret
1412 2143 1538 2190 hora
1572 2143 1746 2204 ipsius.
1793 2146 1847 2189 ut

273 2227 517 2275 transiret
561 2242 622 2274 ex
665 2226 762 2274 hoc
811 2226 1010 2274 mundo
1062 2227 1124 2274 ad
1167 2226 1466 2285 Dominum,
1513 2225 1725 2286 contigit
1768 2224 1848 2271 die

154 2309 161 2316 “
211 2358 218 2366 ,
271 2309 508 2370 quadam,
541 2310 599 2356 ut
633 2308 689 2356 in
714 2308 945 2370 praefata
977 2306 981 2371 Ι
1014 2308 1284 2356 mansione
1311 2307 1441 2355 forte
1465 2308 1572 2369 ipse
1597 2324 1711 2354 cum
1746 2323 1847 2353 uno

274 2393 485 2439 tantum
509 2391 679 2450 fratre,
711 2391 795 2438 cui
819 2391 1130 2439 uocabulum
1156 2393 1263 2438 erat
1289 2390 1445 2438 Ouini
1461 2391 1489 2447 ⁴,
1522 2405 1848 2437 commorare-

270 2475 371 2534 tur,
403 2473 583 2520 ceteris
609 2473 719 2520 eius
745 2472 896 2521 sociis
929 2490 1020 2535 pro
1053 2489 1201 2520 causa
1227 2474 1474 2534 oportuna
1499 2471 1560 2518 ad
1588 2471 1845 2517 ecclesiam

271 2556 507 2603 reuersis.
585 2554 709 2603 Erat
748 2557 923 2603 autem
962 2555 1101 2604 idem
1141 2554 1328 2603 Ouini⁵
1362 2553 1642 2600 monachus
1678 2551 1844 2610 magui

272 2638 459 2697 meriti,
490 2638 541 2685 et
572 2654 701 2699 pura
730 2638 1023 2686 intentione
1055 2653 1302 2699 supernae
1334 2635 1681 2683 retributionis
1705 2649 1846 2678 mun·

273 2720 400 2767 dum
427 2719 804 2781 derelinquens,
837 2720 1125 2782 dignusque
1150 2735 1239 2780 per
1272 2716 1456 2775 omnia,
1488 2716 1566 2763 cui
1594 2714 1846 2762 Dominus

272 2802 566 2864 specialiter
615 2818 707 2850 sua
754 2802 1007 2850 reuelaret
1054 2817 1246 2859 arcana,
1300 2800 1497 2860 dignus,
1553 2797 1631 2843 cui
1690 2796 1843 2842 fidem

272 2884 503 2932 narranti
550 2885 818 2933 audientes
866 2883 1322 2933 accommodarent.
1428 2880 1648 2927 Uenerat
1707 2878 1843 2923 euim

324 3036 338 3058 ¹
369 3049 434 3075 —re
455 3036 502 3076 C.
524 3035 606 3081 1323
638 3037 805 3076 uulferi
825 3038 880 3077 N.
1072 3035 1087 3057 ²
1115 3035 1317 3073 -bearuac
1339 3033 1383 3071 C.
1592 3032 1605 3053 ³
1635 3030 1755 3067 licid-
1781 3031 1814 3067 B
1837 3044 1845 3069 ι

271 3103 422 3142 liccid-
443 3102 524 3151 B23
554 3103 780 3143 liccidfeld
801 3104 833 3143 C
856 3117 865 3152 ;
895 3101 1083 3141 licidfelt
1107 3100 1158 3139 N.
1373 3097 1386 3119 ⁴
1415 3109 1488 3134 -ne
1510 3094 1563 3134 B'2
1585 3109 1592 3141 ;
1623 3096 1774 3132 ouuini
1798 3099 1844 3133 C.

270 3170 285 3193 ⁵
315 3169 471 3208 ouuini
494 3168 542 3208 C.
