2240 3444
401 114 506 165 110
859 110 1123 164 Historia
1161 109 1553 163 Ecclesiastica
1809 117 1917 170 [Lm.
1944 121 1998 161 11.

398 276 552 307 eum:
610 257 839 322 ‘Surge,’
878 258 1066 322 inquit,
1125 258 1304 319 ‘intra,
1352 260 1404 306 et
1447 256 1630 320 sopitis
1665 253 1670 321 Ι
1702 273 1759 305 ac
1807 255 2001 304 relictis
2029 264 2055 301 f.
2078 267 2120 310 38
2138 275 2173 300 a.

399 355 643 387 curarum
663 338 1024 400 anxietatibus,
1051 338 1214 401 quieti
1238 337 1475 386 membra
1501 336 1661 385 simul
1687 339 1737 385 et
1763 336 2002 384 animum

400 439 649 484 conpone,
681 421 801 484 quia
835 424 1101 470 mutatum
1136 424 1215 469 est
1247 437 1333 468 cor
1366 420 1514 483 regis,
1552 438 1649 468 nec
1681 420 1779 468 tibi
1803 419 2002 482 aliquid

399 505 525 553 mali
563 505 744 566 facere,
785 506 873 553 sed
915 505 1077 554 fidem
1118 504 1294 568 potius
1330 504 1621 567 pollicitam
1662 520 1869 551 seruare
1907 503 2004 551 dis-

398 588 547 650 ponit
570 607 580 649 ;
611 590 891 651 postquam
918 588 1062 636 enim
1097 587 1466 651 cogitationem
1498 604 1659 648 suam,
1692 587 1755 634 de
1781 603 1882 648 qua
1906 585 2005 634 tibi

399 674 522 719 ante
559 671 680 731 dixi,
715 672 925 734 reginae
962 671 1019 719 in
1056 673 1252 719 secreto
1283 670 1550 733 reuelauit,
1585 669 1850 718 reuocauit
1884 686 2006 717 eum

401 754 492 803 illa
553 755 616 803 ab
670 754 979 815 intentione,
1034 771 1360 816 ammonens,
1421 754 1543 817 quia
1597 753 1746 801 nulla
1805 752 2006 801 ratione

402 838 678 886 conueniat
704 840 852 886 tanto
878 838 989 901 regi
1015 838 1244 886 amicum
1281 855 1438 886 suum
1465 837 1727 899 optimum
1752 836 1810 884 in
1836 852 2008 884 neces-

402 917 556 966 sitate
587 917 819 980 positum
856 934 981 966 auro
1018 918 1259 978 uendere,
1290 917 1455 965 immo
1485 917 1645 964 fidem
1680 932 1842 974 suam,
1876 931 2006 978 quae

402 1001 649 1049 omnibus
697 1001 1020 1049 ornamentis
1067 1001 1344 1064 pretiosior
1392 1002 1486 1057 est,
1534 1016 1709 1048 amore
1757 998 2008 1061 pecuniae

400 1084 649 1146 perdere.’
723 1084 859 1145 Quid
885 1085 1035 1147 plura
1051 1087 1076 1134 ‘?
1148 1086 1291 1133 Fecit
1317 1101 1420 1145 rex,
1451 1086 1511 1132 ut
1538 1084 1738 1132 dictum
1765 1084 1841 1130 est
1864 1101 1875 1143 3
1911 1098 2008 1130 nec

402 1168 574 1215 solum
633 1167 841 1215 exulem
889 1168 1096 1216 nuntiis
1144 1168 1426 1216 hostilibus
1474 1185 1582 1216 non
1631 1165 1862 1227 tradidit,
1916 1165 2007 1213 sed

112 1259 174 1292 Its
191 1256 318 1292 fulfil-
403 1251 562 1299 etiam
600 1267 736 1312 eum,
774 1254 834 1299 ut
871 1251 927 1299 in
965 1269 1187 1314 regnum
1223 1251 1534 1314 perueniret,
1577 1250 1792 1299 adiuuit.
1871 1249 2008 1297 Nam

112 1307 373 1393 'ffssffleasssihe
404 1350 526 1381 mox
574 1333 918 1382 redeuntibus
966 1334 1184 1383 domum
1231 1333 1449 1395 nuntiis,
1498 1333 1782 1381 exercitum
1822 1331 1886 1379 ad
1930 1331 2010 1379 de-

112 1409 184 1443 the
203 1409 303 1443 Iule.
403 1416 713 1465 bellandum
761 1417 1120 1465 Aedilfridum
1171 1417 1401 1480 colligit1
1452 1417 1734 1479 copiosum,
1782 1431 2009 1478 eumque

404 1500 505 1550 sibi
552 1503 913 1549 occurrentem
957 1518 1078 1548 cum
1121 1501 1351 1549 exercitu
1391 1501 1623 1548 multum
1666 1499 1835 1562 inpari
1879 1498 2008 1563 (non

405 1584 548 1633 enim
575 1584 786 1632 dederat
812 1584 892 1632 illi
911 1585 1153 1646 spatium,
1181 1601 1283 1647 quo
1304 1586 1476 1632 totum
1503 1600 1658 1631 suum
1679 1583 2011 1646 congregaret

404 1672 561 1731 atque
582 1668 832 1718 adunaret
854 1667 1178 1729 exercitum),
1205 1667 1391 1716 occidit
1410 1667 1467 1715 in
1483 1667 1681 1715 finibus
1696 1666 1869 1729 gentis
1884 1666 2011 1714 Mer-

407 1753 607 1801 ciorum
627 1754 690 1802 ad
708 1751 1017 1800 orientalem
1033 1751 1241 1814 plagam
1260 1750 1444 1812 amnis,
1469 1750 1559 1813 qui
1578 1752 1795 1798 uocatur
1815 1750 1945 1798 Idlae
1960 1748 1976 1772 ‘²
1998 1767 2010 1810 ;

406 1837 463 1885 in
501 1855 603 1900 quo
641 1835 927 1885 certamine
962 1837 1014 1883 et
1046 1834 1188 1882 filius
1220 1834 1490 1895 Redualdi,
1521 1834 1774 1882 uocabulo
1801 1833 2011 1895 Raegen-

405 1920 521 1968 heri
537 1922 566 1982 3,
590 1920 788 1968 occisus
806 1922 897 1967 est.
940 1919 1020 1966 Ac
1037 1918 1109 1966 sic
1125 1918 1385 1966 Aeduini⁴
1403 1917 1549 1965 iuxta
1566 1917 1847 1977 oraculum,
1871 1916 2010 1979 quod

405 2006 683 2067 acceperat,
708 2020 816 2052 non
841 2004 1053 2051 tantum
1079 2002 1216 2064 regis
1236 2001 1337 2049 sibi
1354 2001 1535 2049 infesti
1564 2000 1783 2049 insidias
1802 1999 2004 2057 uitauit,

406 2104 592 2135 uerum
619 2087 778 2135 etiam
804 2086 973 2134 eidem
998 2087 1232 2148 peremto
1250 2085 1306 2132 in
1329 2085 1477 2148 regni
1502 2084 1724 2147 gloriam
1745 2083 2005 2131 successit.

118 2177 322 2234 Paul-sinus
479 2171 613 2219 Cum
640 2187 760 2232 ergo
785 2169 1113 2231 praedicante
1130 2169 1146 2192 5
1171 2167 1395 2216 uerbum
1422 2167 1522 2216 Dei
1541 2167 1766 2216 Paulino
1791 2183 1883 2214 rex
1916 2183 2015 2214 cre·

118 2228 331 2314 ffiffilssssft
411 2254 533 2303 dere
582 2253 828 2308 differret,
884 2254 936 2300 et
984 2268 1075 2314 per
1122 2251 1331 2314 aliquod
1381 2253 1604 2315 tempus,
1654 2252 1713 2298 ut
1762 2249 2006 2310 diximus,

409 2337 554 2385 horis
588 2335 987 2398 conpetentibus
1014 2334 1280 2383 solitarius
1314 2335 1529 2395 sederet,
1561 2334 1718 2397 quidss
1747 2334 2009 2396 agendum

410 2420 512 2468 sibi
549 2422 696 2479 esset,
735 2435 865 2481 quae
903 2418 1088 2481 religio
1126 2419 1402 2479 sequenda,
1434 2418 1647 2466 sedulus
1685 2434 1862 2466 secum
1899 2417 2011 2479 ipse

409 2502 629 2551 scrutari
659 2504 972 2562 consuesset,
1004 2500 1306 2563 ingrediens
1331 2503 1394 2549 ad
1421 2517 1543 2549 eum
1571 2501 1793 2562 quadam
1821 2500 1904 2548 die
1929 2499 2012 2547 uir

411 2586 524 2648 Dei,
563 2587 794 2648 inposuit
831 2585 1099 2632 dexteram
1137 2584 1293 2646 capiti
1328 2584 1440 2632 eius
1469 2586 1533 2645 et,
1565 2601 1631 2631 an
1665 2583 1762 2631 1106
1800 2583 2011 2646 signum

412 2671 728 2733 agnosceret,
754 2666 1042 2730 requisiuit.
1121 2666 1222 2727 Qui
1242 2683 1362 2714 cum
1382 2669 1615 2714 tremens
1640 2667 1703 2714 ad
1729 2667 1886 2729 pedes
1902 2666 2012 2713 eius

413 2753 680 2816 procidere
714 2751 890 2812 uellet,
928 2750 1126 2798 leuauit
1163 2767 1297 2811 eum,
1330 2751 1381 2797 et
1421 2750 1567 2812 quasi
1602 2749 1850 2797 familiari
1886 2765 2011 2797 uoce

414 2837 631 2885 affatus:
676 2835 868 2895 ‘Ecce,’
888 2833 1075 2896 inquit,
1105 2833 1362 2881 ‘hostium
1390 2849 1591 2893 manus,
1618 2849 1747 2895 quos
1765 2831 2004 2892 timuisti,

415 2920 641 2968 Domino
681 2919 909 2967 donante
953 2916 1196 2977 euasisti3
1257 2933 1372 2963 ecce
1412 2932 1649 2978 regnum,
1699 2915 1834 2978 quod
1885 2913 2012 2963 desi-

416 3003 619 3063 derasti,
651 3002 762 3064 ipso
804 3001 1059 3063 largiente
1100 2999 1376 3062 percepisti
1393 2999 1422 3047 ⁷.
1501 2999 1782 3059 Memento,
1813 3000 1873 3046 ut
1908 3000 2009 3046 ter-

471 3141 482 3161 ¹
513 3141 692 3190 collegit
714 3140 787 3179 M2.
811 3138 876 3178 B2'.
1009 3137 1023 3159 2
1054 3138 1171 3178 idlae
1193 3137 1240 3177 O.
1264 3138 1315 3177 B.
1471 3137 1486 3158 ³
1517 3138 1671 3188 raegn-
1693 3137 1725 3176 C
1745 3150 1754 3184 3
1784 3149 1939 3187 raegn-
1959 3137 2011 3175 B.

415 3207 428 3228 ⁴
448 3220 480 3246 υ.
502 3209 608 3245 note
628 3205 654 3256 ⁶,
680 3218 721 3256 p.
751 3219 840 3255 109.
945 3205 960 3228 ⁵
991 3205 1045 3244 -ti
1066 3205 1112 3245 O.
1229 3203 1244 3226 ⁴⁵
1272 3206 1317 3242 et
1335 3203 1446 3253 quid
1467 3203 1512 3243 C.
1535 3202 1602 3244 B2.
1717 3200 1731 3222 ⁷
1762 3203 1930 3255 -cipisti
1952 3201 2009 3241 M.
