2240 3444
361 131 469 181 314
812 129 1082 184 Historia
1118 130 1509 184 Ecclesiastioa
1778 140 1887 193 [Lm.
1911 142 1963 183 V.

363 276 529 324 uitam
555 277 791 326 conuerti
815 279 1226 327 ammonebatur.
1301 279 1371 326 Et
1406 278 1648 341 quamuis
1677 295 1762 326 eos
1788 277 1965 326 audire

362 359 631 421 noluisset,
675 361 994 410 tolerabatur
1034 365 1215 410 tamen
1258 362 1321 410 ab
1370 362 1444 410 eis
1485 361 1859 424 longanimiter
1898 359 1963 408 ob

363 444 726 493 necessitatem
775 462 994 508 operum
1042 445 1206 508 ipsius
1256 445 1609 505 exteriorum3
1664 447 1772 493 erat
1821 443 1966 491 enim

362 527 538 575 fabrili
596 532 706 577 arte
767 529 1060 592 singularis.
1162 530 1435 578 Seruiebat
1494 531 1673 576 autem
1733 527 1966 576 multum

362 607 614 669 ebrietati,
645 611 695 656 et
721 610 905 657 ceteris
933 610 1072 658 uitae
1097 609 1409 658 remissioris
1433 607 1709 656 inlecebris
1735 626 1745 669 ;
1782 606 1967 669 magis·

363 708 464 754 que
506 693 563 740 in
604 693 807 741 officina
850 710 944 741 sua
987 693 1070 742 die
1109 695 1371 756 noctuque
1414 692 1651 751 residere,
1701 707 1860 753 quam
1902 691 1967 739 ad

362 776 695 837 psallendum
720 779 876 839 atque
906 777 1162 825 orandum
1196 777 1254 824 in
1286 775 1513 837 ecclesia,
1544 774 1968 836 audiendumque

364 875 485 906 cum
541 860 789 909 fratribus
840 861 1063 908 uerbum
1118 860 1258 909 uitae
1320 876 1626 908 concurrere
1678 859 1963 906 consuerat.

394 942 398 996 l
433 942 589 991 Unde
627 943 812 991 accidit
849 943 941 1003 illi,
974 944 1111 1006 quod
1148 943 1320 991 solent
1357 943 1525 991 dicere
1564 941 1793 1005 quidam,
1829 939 1963 1004 quia,

364 1025 456 1087 qui
493 1043 601 1074 non
639 1027 755 1074 uult
794 1027 1035 1075 ecclesiae
1071 1027 1285 1076 ianuam
1324 1028 1512 1090 sponte
1549 1024 1860 1073 humiliatus
1896 1023 1970 1072 in·

364 1109 523 1171 gredi,
567 1126 775 1158 necesse
823 1111 979 1158 habet
1028 1110 1086 1158 in
1134 1110 1348 1158 ianuam
1397 1109 1594 1158 inferni
1641 1125 1749 1156 non
1786 1109 1970 1170 sponte

365 1193 647 1241 damnatus
673 1193 950 1242 introduci.
1048 1194 1334 1242 Percussus
1367 1193 1508 1242 enim
1543 1193 1773 1255 langore,
1814 1192 1970 1253 atque

364 1275 428 1323 ad
488 1279 718 1324 extrema
760 1278 1054 1339 perductus,
1116 1277 1324 1325 uocauit
1371 1277 1570 1338 fratres,
1631 1278 1683 1324 et
1736 1275 1969 1323 multum

364 1376 572 1407 merens
598 1377 654 1408 ac
680 1360 929 1408 damnato
957 1360 1147 1409 similis
1171 1361 1338 1423 coepit
1369 1377 1589 1420 narrare,
1623 1359 1742 1422 quia
1768 1358 1970 1406 uideret

365 1442 561 1491 inferos
604 1445 820 1506 apertos
867 1447 917 1492 et
958 1445 1188 1493 Satanan
1226 1441 1556 1492 demersum1
1594 1443 1652 1491 in
1695 1441 1971 1505 profundis

366 1527 561 1588 tartari,
595 1528 931 1590 Caiphanque
957 1545 1077 1576 cum
1110 1528 1306 1588 ceteris,
1338 1528 1429 1590 qui
1462 1528 1761 1576 occiderunt
1791 1525 1969 1574 Domi-

366 1627 509 1670 num,
541 1611 688 1659 iuxta
722 1629 844 1659 eum
877 1612 1107 1660 fiammis
1142 1611 1418 1659 ultricibus
1449 1610 1839 1659 contraditum:
1883 1609 1969 1657 ‘in

366 1711 590 1756 quorum
639 1695 866 1757 uicinia,'
915 1696 1104 1758 inquit,
1167 1695 1301 1742 ‘heu
1357 1695 1548 1743 misero
1606 1694 1742 1742 mihi
1794 1693 1970 1741 locum

367 1777 591 1840 despicio
627 1780 868 1827 aeternae
902 1779 1210 1841 perditionis
1244 1796 1356 1828 esse
1394 1777 1793 1841 praeparatum.'
1866 1778 1971 1825 Au-

368 1861 570 1910 dientes
617 1863 742 1910 haec
790 1863 979 1911 fratres
1030 1866 1312 1926 coeperunt
1361 1863 1641 1926 diligenter
1688 1861 1963 1922 exhortari,

369 1947 427 1992 ut
470 1946 556 1992 uel
599 1947 726 1993 tunc
763 1946 968 2008 positus
1011 1947 1179 1995 adhuc
1218 1947 1275 1995 in
1319 1963 1542 2009 corpore,
1591 1944 1971 2008 paenitentiam

365 2028 566 2076 faceret.
647 2030 1018 2092 Respondebat
1051 2030 1142 2078 ille
1181 2031 1493 2093 desperans:
1538 2030 1687 2078 ‘Non
1725 2031 1803 2077 est
1835 2027 1969 2076 mihi

367 2113 523 2160 modo
583 2115 792 2174 tempus
851 2113 1017 2161 uitam
1077 2114 1331 2175 mutandi⁷
1397 2131 1518 2162 cum
1580 2113 1688 2176 ipse
1747 2111 1970 2161 uiderim

367 2194 623 2243 iudicium
660 2213 841 2244 meum
879 2197 984 2245 iam
1023 2214 1134 2245 esse
1172 2198 1512 2260 conpletum.'

439 2279 583 2327 Talia
610 2279 802 2341 dicens,
833 2281 947 2328 sine
972 2280 1161 2329 uiatico
1188 2281 1371 2330 salutis
1393 2281 1536 2342 obiit,
1570 2283 1620 2329 et
1648 2296 1832 2343 corpus
1859 2279 1970 2327 eius

368 2362 424 2410 in
452 2363 656 2411 ultimis
682 2366 760 2411 est
786 2365 1091 2435 monasterii
1117 2366 1243 2414 locis
1262 2366 1556 2426 humatum,
1589 2381 1758 2427 neque
1783 2363 1971 2426 aliquis

368 2463 462 2508 pro
507 2463 565 2494 eo
613 2447 700 2495 uel
743 2448 931 2496 missas
973 2448 1153 2510 facere,
1203 2449 1289 2497 uel
1336 2450 1566 2512 psalmos
1616 2451 1835 2508 cantare,
1886 2446 1971 2494 uel

369 2530 546 2577 saltim
585 2547 726 2578 orare
764 2532 1141 2592 praesumebat.
1220 2533 1262 2581 O
1301 2549 1461 2595 quam
1499 2532 1684 2596 grandi
1722 2530 1972 2580 distantia

369 2613 550 2661 diuisit
587 2614 730 2661 Deus
766 2614 905 2662 inter
942 2615 1114 2662 lucem
1149 2618 1200 2663 et
1237 2617 1510 2665 tenebras!
1583 2617 1780 2664 Beatus
1805 2615 1970 2677 proto-

369 2700 570 2760 martyr
596 2697 895 2759 Stephanus
920 2715 1166 2760 passurus
1192 2702 1417 2747 mortem
1450 2717 1544 2761 pro
1570 2699 1802 2758 ueritate,
1834 2696 1970 2745 uidit

371 2782 536 2828 caelos
581 2784 801 2843 apertOS,
848 2782 984 2830 uidit
1030 2782 1249 2844 gloriam
1291 2782 1388 2830 Dei
1431 2785 1482 2831 et
1520 2783 1700 2830 Iesum
1738 2783 1968 2829 stantem

369 2881 397 2912 a
432 2865 629 2913 dextris
663 2864 793 2925 Dei3
831 2867 883 2913 et
918 2865 1008 2913 ubi
1043 2867 1153 2913 erat
1188 2866 1397 2914 futurus
1431 2866 1541 2928 ipse
1576 2868 1694 2928 post
1725 2866 1962 2923 mortem,

371 2948 474 2996 ibi2
512 2948 689 2996 oculos
724 2949 920 2997 mentis
957 2952 1079 2997 ante
1118 2952 1359 3010 mortem,
1410 2966 1511 3011 quo
1554 2949 1738 2997 laetior
1774 2963 1972 2996 occum-

372 3031 528 3092 beret,
568 3032 727 3081 misit.
805 3033 879 3080 At
911 3035 1102 3092 contra,
1134 3032 1278 3080 faber
1311 3032 1410 3080 iste
1443 3033 1744 3081 tenebrosae
1774 3030 1972 3079 mentis

372 3103 679 3177 et'actionis,
711 3116 1008 3164 inminente
1032 3118 1214 3177 morte,
1243 3115 1378 3163 uidit
1399 3118 1574 3178 aperta
1600 3118 1804 3176 tartara,
1836 3113 1969 3162 uidit

915 3234 928 3259 ¹
962 3235 1027 3274 di·
1049 3234 1110 3274 M.
1223 3233 1238 3255 ²
1267 3234 1347 3273 ubi
1368 3234 1427 3274 M.

1999 960 2025 994 f.
2052 970 2105 993 111
2127 938 2163 994 b.

2003 2542 2053 2599 cf.
2076 2542 2180 2577 Gen.

2000 2604 2025 2628 1.
2047 2603 2081 2635 4.

2002 2642 2053 2678 ef.
2075 2642 2164 2676 Act.

2001 2692 2068 2729 vii.
2090 2694 2143 2736 56.
