2240 3444
64 1646 205 1681 Le‘oter
223 1646 266 1679 to

63 1694 306 1739 Augustine.

350 150 419 200 66
453 135 455 138 ⁴
803 147 1071 201 Historia
1109 146 1500 201 Ecclesiastica
1790 156 1953 208 [L1n.1.

344 296 588 356 sacrificia
621 296 729 356 ipsa
763 311 861 343 non
898 300 1064 344 essent.
1139 296 1280 344 Haec
1310 297 1465 357 iqitar
1486 295 1784 343 dilectionem
1819 298 1959 342 taam

338 380 590 440 praedicto
611 379 767 439 fiatri
790 395 976 428 necesse
1006 384 1074 429 est
1099 381 1264 440 dicere,
1294 384 1350 427 at
1382 381 1482 440 ipse
1511 380 1566 426 in
1586 379 1837 439 praesenti
1859 378 1960 426 illic

337 464 532 523 positas
542 464 824 524 perpendat,
856 465 1066 524 qaalitcr
1087 465 1252 511 onmia
1277 465 1442 512 debeat
1467 464 1755 524 dispensare.
1821 463 1961 510 Deus

351 549 394 593 te
417 547 706 594 incolamem
729 547 981 606 castodiat,
1013 547 1317 595 dilectissime
1332 547 1428 606 fili.

418 630 556 677 Data
575 630 650 677 die
668 630 722 676 X
732 630 784 677 V.
809 631 867 676 K
866 630 1152 677 alendarimi
1169 630 1462 690 Ialiaranffi,
1485 631 1748 691 imperante
1767 628 1960 676 domino

349 715 508 760 nostro
548 713 801 760 DIaaricio
850 713 1038 761 Tiberio
1075 714 1303 774 piissimo
1350 712 1580 775 Aaqasto
1622 729 1750 761 anno
1799 711 1956 771 XIX,

341 799 456 856 post
497 793 836 844 consulatum
873 796 1086 845 ciasdem
1128 797 1316 845 domini
1336 797 1350 820 ³³
1390 812 1518 845 anno
1550 796 1770 856 XVIII,
1813 795 1963 843 indic·

353 880 477 927 tione
501 879 652 926 IIII.

964 1048 1118 1098 OAP.
1150 1049 1354 1098 XXXI.

358 1194 403 1228 Ut
423 1192 699 1237 Aaqastinam
711 1203 783 1237 per
803 1192 961 1237 litteras,
983 1203 1030 1228 ne
1051 1194 1094 1229 de
1114 1194 1330 1229 uirtutibas
1351 1193 1435 1229 sais
1454 1192 1695 1239 qloriaretar,
1711 1194 1883 1229 hortatus
1902 1192 1966 1231 sit.

454 1301 458 1367 Ι
495 1303 611 1364 QUO
635 1303 692 1351 in
718 1306 953 1367 tempore
977 1304 1127 1353 misit
1159 1305 1319 1354 etiam
1349 1305 1650 1368 Augustino
1686 1304 1965 1368 epistulam

354 1404 510 1450 super
537 1387 820 1450 miraculis,
862 1405 993 1451 quae
1029 1405 1121 1451 per
1154 1406 1277 1437 eum
1313 1389 1448 1437 saeta
1484 1406 1597 1437 esse
1627 1390 1959 1451 cognouerat,

353 1470 411 1518 in
437 1488 537 1533 qua
562 1488 698 1532 eum,
732 1488 798 1519 ne
823 1489 914 1534 per
938 1472 1154 1520 illorum
1182 1472 1384 1535 copiam
1408 1472 1701 1535 periculum
1723 1471 1966 1520 elationis

354 1554 652 1616 incurreret,
682 1555 766 1603 his
791 1555 968 1603 uerbis
992 1556 1234 1604 hortatur
1259 1575 1270 1604 ε

423 1639 545 1699 Scio,
572 1640 735 1699 frater
770 1640 1030 1701 carissime,
1071 1641 1190 1701 qaia
1227 1641 1525 1700 ommipotens
1555 1640 1692 1688 Deas
1709 1655 1803 1701 per
1830 1641 1967 1689 dilec-

356 1723 533 1770 tionem
552 1726 690 1771 taam
715 1724 769 1770 in
790 1727 988 1784 qentem,
1015 1739 1164 1784 qaam
1188 1725 1301 1784 eliqi
1323 1724 1494 1783 aolait,
1520 1739 1702 1784 maqna
1726 1715 1966 1772 miracala

355 1807 595 1866 ostendit,·
633 1807 760 1854 ande
793 1822 976 1855 necesse
1017 1811 1096 1867 est,
1126 1811 1184 1854 at
1219 1808 1275 1855 de
1307 1806 1501 1855 eodem4
1540 1808 1663 1856 dono
1701 1809 1889 1856 caelesti
1923 1812 1967 1856 et

356 1891 566 1938 timendo
618 1891 846 1951 qaadeaS,
900 1894 944 1939 et
996 1891 1253 1952 qaadendo
1296 1892 1610 1952 pertimescas
1628 1890 1656 1939 5.
1739 1891 1968 1941 Gaadeas

354 1974 587 2034 uidelicet,
618 1975 736 2034 qaia
758 1973 1036 2035 Anqloram
1061 1976 1254 2023 animae
1267 1990 1361 2035 per
1382 1977 1616 2023 exteriora
1639 1977 1881 2023 miracala
1905 1977 1970 2024 ad

355 2057 625 2105 interiorem
669 2059 883 2118 qratiam
919 2059 1308 2119 pertrahantam
1359 2060 1676 2118 pertimescas
1728 2074 1854 2119 aero,
1908 2074 1968 2107 ne

357 2141 483 2188 inter
511 2141 667 2200 siqna,
707 2156 827 2200 qaae
854 2142 1002 2201 fiant,
1035 2143 1267 2201 infirmas
1296 2143 1495 2190 animas
1524 2143 1578 2189 in
1613 2143 1691 2190 sai
1712 2156 1966 2203 praesam-

359 2224 484 2271 tionc
507 2238 554 2270 se
578 2224 737 2283 cleact,
769 2228 813 2272 et
841 2225 970 2272 ande
993 2225 1139 2284 foras
1172 2226 1226 2272 in
1254 2225 1483 2273 honorem
1515 2226 1712 2285 tollitar,
1745 2226 1857 2273 inde
1877 2241 1970 2286 per

357 2307 557 2353 inanem
578 2307 787 2366 qloriam
812 2308 947 2355 intas
971 2309 1124 2356 cadat.
1201 2309 1490 2356 DIeminisse
1519 2310 1692 2356 etenim
1725 2309 1962 2368 debemus,

359 2390 477 2448 qaia
505 2389 732 2449 discipali
764 2404 873 2436 cam
899 2392 1081 2450 qaadio
1111 2406 1143 2438 a
1160 2392 1522 2451 praedicatione
1551 2393 1809 2453 redeantes,
1851 2393 1970 2440 dam

360 2473 548 2520 caelesti
574 2473 804 2533 maqistro
839 2474 1083 2521 dicerent:
1126 2474 1376 2534 ‘Domina
1405 2475 1461 2522 in
1483 2475 1678 2523 nomine
1709 2479 1789 2523 tao
1822 2477 1970 2524 ctiam

363 2556 618 2603 daemonia
633 2556 773 2603 nobis
790 2556 1002 2604 sabiccta
1020 2557 1170 2617 sant,'
1184 2559 1417 2617 protinas
1437 2558 1698 2606 audierant
1723 2576 1736 2605 .·
1781 2559 1970 2608 ‘Nolite

358 2639 566 2699 yaadcre
588 2653 733 2699 saper
758 2639 856 2698 hoc,
887 2639 969 2686 scd
990 2641 1161 2699 potias
1186 2641 1400 2700 qaadete,
1432 2642 1550 2701 qaia
1581 2643 1782 2690 nomina
1809 2646 1973 2690 aestra

360 2723 540 2782 scripta
586 2725 704 2769 sant
749 2722 805 2768 in
852 2722 1013 2769 caelo.’
1097 2723 1166 2769 In
1202 2725 1411 2783 priaata
1457 2725 1586 2772 enim
1633 2729 1677 2772 et
1723 2726 1973 2786 temporali

364 2806 552 2852 laetitia
592 2808 794 2852 mentem
823 2809 1101 2866 posacrant,
1152 2807 1235 2866 qai
1274 2807 1328 2854 de
1369 2807 1621 2855 miraculis
1655 2809 1932 2868 qaadebant
1953 2825 1969 2867 ,·

363 2889 444 2936 sed
476 2889 531 2936 de
549 2889 785 2948 priaata6
819 2889 885 2936 ad
909 2904 1222 2950 commanem,
1256 2890 1311 2938 de
1344 2892 1593 2951 temporali
1627 2892 1692 2939 ad
1724 2897 1971 2940 aeternam

367 2972 600 3019 laetitiam
641 2975 938 3032 rcaocantar,
992 2972 1168 3032 quibas
1215 2973 1393 3020 dicitur
1413 2990 1427 3020 .·
1481 2973 1492 2995 ⁴
1510 2974 1580 3021 In
1626 2975 1710 3022 lioc
1747 2976 1964 3037 yaadcte,

423 3109 436 3131 ¹
468 3109 682 3148 iuliarum
707 3123 780 3149 om.
805 3111 862 3150 M.
886 3110 936 3148 N.
962 3111 1036 3160 HI.
1294 3110 1308 3132 ²
1334 3102 1420 3150 P—C.
1443 3112 1471 3151 i.
1487 3113 1608 3162 patri
1628 3113 1880 3163 conscripto
1900 3111 1970 3152 N2.

368 3174 382 3195 ³
413 3176 556 3214 nostri
578 3180 657 3215 add
678 3176 723 3215 C.
746 3177 799 3216 N.
920 3175 933 3198 4
964 3177 1120 3216 eadem
1143 3177 1199 3216 M.
1327 3176 1342 3198 ⁵
1371 3177 1563 3228 gaudeas
1586 3209 1594 3217 .
1618 3209 1627 3217 .
1649 3211 1658 3219 .
1681 3180 1972 3230 pertimescas

367 3254 440 3280 om.
464 3242 518 3281 N.
691 3241 705 3262 ⁰
735 3245 798 3281 -to
819 3242 876 3282 M.

1996 1316 2024 1353 f.
2045 1329 2085 1362 23
2104 1329 2138 1353 a.

2000 2488 2097 2524 Luc.
2114 2498 2151 2524 x.
2167 2499 2213 2532 17.

2000 2566 2053 2604 ib.
2074 2577 2128 2602 20.
