2240 3444
357 151 467 201 4520
885 141 1142 213 Epistola
1180 139 1323 193 Bede
1362 139 1438 191 ad

356 280 476 329 huic
512 280 720 328 nostrae
759 273 1108 325 exhortationi
1144 272 1379 321 multum
1414 268 1828 318 contradicturos
1845 266 1875 330 1,
1908 271 1959 317 et

356 362 585 412 maxime
618 378 718 422 eos,
757 359 845 423 qui
876 356 1105 421 seipsos2
1131 356 1237 404 illis
1274 353 1606 414 facinoribus,
1638 369 1668 401 a
1692 352 1883 415 quibus
1907 354 1960 401 te

356 446 711 511 prohibemus,
744 460 856 492 esse
889 441 1125 490 sentiunt
1158 438 1388 487 irretitos
1414 456 1425 498 3
1462 437 1551 485 sed
1577 435 1881 485 meminisse
1905 437 1959 484 te

357 531 504 579 decet
539 527 850 591 apostolicae
887 521 1254 587 responsionis,
1288 521 1409 584 quia
1452 519 1719 569 ‘obaedire
1756 521 1959 582 oportet
1992 525 2080 563 Act.
2096 540 2132 564 v.
2150 541 2203 574 29.

356 614 466 662 Deo
503 611 670 675 magis
708 627 864 673 quam
900 606 1218 656 hominibus.
1312 604 1622 652 Mandatum
1656 602 1848 666 quippe
1881 605 1960 651 est

357 697 490 746 Dei:
535 695 792 744 ‘Uendite
829 709 958 755 quae
987 688 1279 753 possidetis,
1306 689 1358 735 et
1392 688 1511 735 date
1548 686 1891 735 elemosinam
1915 687 1956 747 3'
1989 698 2088 736 Luc.
2108 700 2178 736 xii.

357 785 440 831 et:
496 780 641 829 ‘Nisi
679 779 794 842 quis
830 773 1220 825 renunciauerit
1259 772 1506 821 omnibus
1543 788 1673 834 quae
1709 769 1953 834 possidet,
1988 762 2088 837 ³132&
2108 800 2188 836 xiv.

356 883 463 914 non
522 866 694 928 potest
742 877 890 910 meus
941 875 1052 906 esse
1107 856 1431 919 discipulus.'
1503 854 1736 904 Traditio
1784 855 1960 902 autem
1990 861 2040 896 33·

356 951 608 998 moderna
651 948 729 994 est
768 942 1099 1007 quorundam
1116 940 1147 1002 3,
1194 940 1285 1003 qui
1334 956 1389 988 se
1437 938 1537 988 Dei
1579 937 1807 986 famulos
1850 953 1961 985 esse

355 1033 682 1096 profitentur,
714 1045 821 1076 non
848 1025 1051 1074 solum‘1
1080 1040 1319 1087 possessa
1355 1039 1464 1071 non
1501 1022 1741 1083 uendere,
1773 1037 1959 1069 uerum

357 1116 513 1165 etiam
531 1116 546 1140 ⁵
573 1127 867 1175 comparare
893 1126 1001 1157 non
1027 1107 1220 1156 habita.
1302 1107 1414 1168 Qua
1451 1123 1571 1168 ergo
1595 1105 1769 1153 fronte
1806 1104 1961 1152 audet

357 1199 631 1261 quisquam
679 1196 742 1244 ad
793 1193 1070 1242 seruitium
1114 1189 1331 1239 Domini
1372 1205 1684 1248 accessurus,
1724 1187 1810 1236 uel
1858 1203 1961 1246 eas,

357 1298 483 1345 quas
499 1282 513 1306 ⁶
534 1282 589 1329 in
616 1278 834 1328 seculari
861 1277 971 1325 uita
996 1275 1264 1336 habuerat,
1289 1276 1563 1334 retentare,
1586 1272 1673 1320 uel
1703 1271 1800 1320 sub
1825 1287 1963 1334 prae-

355 1368 500 1415 textu
518 1365 656 1413 uitae
673 1362 947 1412 sanctioris
963 1360 1095 1420 illas,
1112 1374 1241 1422 quas
1259 1357 1639 1413 nonhabuerat‚
1653 1371 1964 1418 congregare

356 1449 596 1510 diuitias,
634 1464 753 1496 cum
780 1445 972 1494 etiam⁵
998 1442 1282 1507 apostolica
1319 1441 1386 1489 sit
1416 1439 1692 1488 notissima
1726 1455 1954 1500 censura,

356 1551 485 1596 quae
509 1532 815 1580 Annaniam
842 1532 893 1578 et
920 1527 1196 1590 Saphiram
1217 1526 1314 1574 hoc
1338 1525 1503 1573 facere
1528 1522 1818 1583 molientes,
1851 1539 1958 1570 non
1990 1537 2039 1574 ef.
2061 1538 2150 1574 Aet.
2172 1549 2198 1573 v

359 1617 467 1665 ullo
504 1615 854 1679 paenitentiae
886 1612 972 1661 uel
1010 1608 1374 1659 satisfactionis
1399 1607 1628 1656 remedio
1655 1606 1909 1669 corrigere
1924 1606 1953 1668 ⁷,
1992 1600 2087 1624 ¹⁴¹·

357 1702 446 1749 sed
464 1700 478 1724 ⁸
505 1701 616 1763 ipsa
641 1698 820 1747 statim
846 1695 1031 1744 mortis
1056 1693 1258 1742 ultricis
1293 1690 1600 1741 accelerauit
1626 1690 1961 1738 damnatione

356 1784 544 1846 punire
564 1784 579 1808 9
597 1784 622 1832 ⁶?
694 1782 763 1829 Et
789 1780 1003 1843 quidem
1033 1777 1114 1825 illi
1140 1794 1247 1825 non
1275 1775 1444 1824 aliena
1468 1774 1723 1838 colligere,
1756 1773 1846 1822 sed
1872 1790 1963 1821 sua

355 1869 638 1929 incongrue
672 1865 893 1913 retinere
922 1862 1234 1911 maluerunt.
1315 1859 1472 1908 Unde
1496 1857 1775 1906 manifeste
1799 1859 1956 1919 patet,

356 1968 512 2014 quam
538 1951 692 2011 longe
718 1946 980 1996 abstiterit
1005 1945 1217 1994 animus
1241 1943 1598 2006 apostolorum
1623 1958 1653 1989 a
1685 1939 1961 2002 suscipien-

356 2035 435 2083 dis
453 2033 487 2058 ¹⁰
513 2033 851 2096 pecuniarum
891 2028 1345 2092 adquisitionibus,
1378 2027 1468 2090 qui
1503 2025 1600 2074 sub
1633 2024 1725 2072 illa
1756 2023 1961 2087 proprie

357 2118 534 2181 regula
571 2117 798 2165 Domino
836 2114 1165 2163 seruiebant:
1208 2110 1389 2159 ‘Beati
1414 2125 1675 2173 pauperes,
1708 2107 1830 2171 quia
1855 2124 1963 2155 ues-
1994 2120 2090 2156 Luc.
2112 2120 2165 2155 vi.

357 2201 499 2246 trum
551 2199 628 2245 est
677 2212 899 2259 regnum
955 2190 1265 2242 caelorum¹1
1290 2191 1325 2251 3’
1382 2193 1433 2239 et
1482 2206 1508 2237 e
1557 2191 1749 2249 contra,
1801 2187 1963 2250 partis
1994 2183 2124 2215 20124-

357 2281 595 2330 sinistrae
627 2279 892 2343 proposito
930 2275 1305 2326 nichilominus
1341 2272 1759 2322 instituebantur
1798 2288 1963 2319 exem-

356 2365 477 2428 plo:
521 2364 628 2412 ‘Ue
664 2363 814 2411 uobis
853 2360 1119 2421 diuitibus,
1153 2359 1273 2422 quia
1311 2357 1512 2405 habetis
1549 2353 1962 2403 consolationem

355 2447 619 2496 uestram.'
692 2448 781 2494 An
820 2446 953 2493 forte
990 2459 1186 2492 errasse
1224 2458 1280 2490 ac
1319 2439 1653 2489 mendacium
1697 2437 1961 2500 scripsisse

355 2533 602 2594 putamus
661 2529 967 2592 apostolum,
1040 2543 1159 2574 cum
1220 2541 1314 2573 nos
1374 2524 1664 2572 admonens
1725 2520 1960 2570 dicebat:

362 2616 607 2674 ‘Fratres,
640 2613 801 2661 nolite
826 2628 992 2660 errare
1016 2608 1044 2670 3’
1085 2608 1371 2670 statimque
1395 2605 1666 2655 subtexuit
1686 2619 1697 2649 ε
1745 2606 1755 2628 ‘
1777 2605 1958 2666 Neque
1993 2630 2005 2652 1
2028 2618 2117 2654 Cor.
2138 2617 2190 2652 vi.

354 2698 508 2758 auari.
542 2714 708 2759 neque
734 2696 931 2756 ebriosi,
964 2710 1132 2756 neque
1167 2708 1373 2754 rapaces
1409 2706 1630 2752 regnum
1668 2687 1767 2737 Dei
1801 2687 1956 2750 possi·
1984 2680 2021 2713 9,
2048 2680 2097 2704 ¹⁰·

357 2781 555 2829 debunt
581 2799 591 2841 3
612 2781 621 2799 ’
672 2783 722 2828 et
747 2780 939 2828 iterum
964 2797 974 2826 ε
1021 2777 1166 2825 ‘Hoc
1191 2777 1367 2824 autem
1393 2773 1591 2832 scitote,
1618 2772 1756 2834 quod
1785 2771 1959 2818 omnis
1991 2782 2096 2826 Eph.
2120 2793 2154 2818 v.
2176 2793 2204 2825 5.

355 2864 642 2924 fornicator,
698 2865 787 2911 aut
828 2861 1150 2920 immundUS,
1198 2860 1288 2907 aut
1308 2856 1342 2881 ¹2
1378 2873 1579 2916 auarus,
1618 2854 1622 2919 Ι
1655 2857 1745 2903 aut
1784 2871 1954 2916 rapax,
1990 2866 2016 2903 f.
2039 2869 2084 2913 96
2103 2878 2136 2902 a.

1229 605 1239 624 9

413 3038 423 3059 ¹
455 3039 652 3077 contrad.
680 3038 876 3076 multum
899 3038 958 3076 M.
1090 3033 1105 3056 2
1135 3035 1302 3084 seipsos
1322 3044 1396 3071 om.
1424 3031 1482 3070 M.
1615 3027 1630 3050 3
1660 3041 1785 3079 quor.
1804 3030 1871 3066 est
1896 3028 1954 3066 M.

353 3106 363 3127 ⁴
398 3120 487 3145 non
509 3108 652 3145 solum
674 3120 745 3145 om.
773 3106 833 3144 H.
983 3107 996 3128 ⁵
1027 3106 1071 3143 et
1092 3104 1150 3142 H.
1317 3102 1332 3124 ⁶
1362 3112 1412 3138 ea
1433 3111 1546 3149 quae
1568 3097 1624 3136 M.
1759 3095 1772 3116 ⁷
1801 3097 1962 3147 -rigere

354 3186 426 3211 om.
455 3173 513 3219 M,
535 3177 575 3209 at
594 3176 666 3210 end
687 3174 834 3220 ofline.
1017 3169 1031 3191 ⁸
1061 3170 1138 3209 sed
1160 3181 1213 3207 cx
1234 3167 1292 3206 M.
1464 3166 1478 3188 ⁹
1506 3165 1564 3203 -ri
1587 3164 1646 3204 M.
1799 3162 1828 3185 ¹⁰
1860 3163 1960 3201 sub-

354 3241 485 3279 scrib·
508 3240 565 3279 M.
758 3239 787 3262 ¹²
816 3239 887 3278 dei
910 3239 966 3278 M.
1160 3236 1191 3258 ¹²
1219 3238 1295 3276 aut<
1317 3248 1389 3274 om.
1415 3234 1473 3273 M.
