2240 3444
377 113 446 165 76
498 125 500 128 ’
830 111 1098 165 Historia
1137 111 1529 165 Ecclesa'ccstica
1793 122 1900 173 [Lm.
1923 125 1976 164 11.

374 258 691 307 orthodoxae
715 258 837 307 fidei
857 259 1175 307 omnimodis
1201 274 1310 307 esse
1335 258 1666 308 contrarium.
1715 258 1980 308 Catholica

375 341 571 390 etenim
597 341 725 390 fides
749 342 920 404 habet,
947 343 1084 405 quod
1111 359 1296 404 corpus
1321 345 1564 390 nostrum
1583 342 1674 390 illa
1693 341 1980 390 inmortali-

373 426 499 473 tatis
517 425 679 488 gloria
697 425 1041 474 sublimatum
1067 426 1259 474 subtile
1286 426 1498 488 quidem
1523 425 1590 474 sit
1614 442 1706 488 per
1732 425 1978 473 effectum

373 509 624 570 spiritalis
638 510 916 572 potentiae,
940 510 1028 557 sed
1049 509 1310 572 palpabile
1329 526 1421 571 per
1440 509 1715 557 ueritatem
1734 512 1952 557 naturae
1965 527 1977 570 3

371 592 517 640 iuxta
548 593 849 654 exemplum
886 593 1136 651 dominici
1173 593 1410 655 corporis,
1453 594 1516 641 de
1553 610 1655 655 quo
1692 610 1721 641 a
1757 592 1978 641 mortuis

372 675 620 724 suscitato
655 676 779 724 dicit
803 675 914 738 ipse
944 676 1245 739 discipulis:
1289 676 1533 738 ‘Palpate
1563 678 1613 724 et
1637 676 1823 737 uidete,
1856 675 1977 738 quia
2006 691 2102 727 Luc.
2114 691 2222 727 xxiv.

372 759 589 822 spiritus
626 777 836 808 carnem
874 762 925 808 et
964 777 1080 809 ossa
1118 778 1225 808 non
1266 761 1437 822 habet,
1488 761 1622 809 sicut
1661 778 1747 808 me
1789 760 1979 809 uidetis
2007 754 2062 788 39·

371 842 596 891 habere.9
682 843 750 891 In
794 844 941 892 cuius
979 844 1274 892 adsertione
1317 844 1440 892 fidei
1481 844 1796 892 uenerabilis
1833 847 1981 906 pater

373 926 652 988 Gregorius
677 927 733 974 in
758 929 970 975 tantum
997 929 1175 976 contra
1200 930 1503 976 nascentem
1529 928 1759 977 heresim
1784 944 1978 975 nouam

369 1009 602 1058 laborare
627 1011 910 1072 contendit,
942 1013 1089 1059 tanta
1113 1011 1248 1059 hanc
1279 1012 1544 1074 instantia,
1576 1011 1793 1059 iuuante
1819 1011 1977 1059 etiam

369 1093 607 1155 piissimo
650 1094 962 1157 imperatore
1005 1095 1212 1143 Tiberio
1253 1095 1613 1156 ConstantinO,
1662 1094 1968 1157 conminuit,

369 1179 430 1225 ut
473 1177 653 1225 nullus
696 1178 885 1226 exinde
926 1178 994 1227 sit
1042 1178 1306 1237 inuentus,
1359 1180 1449 1242 qui
1497 1179 1607 1227 eius
1645 1179 1977 1227 resuscitator

369 1260 628 1310 existeret.

78 1351 162 1386 The
185 1352 326 1418 ‘Cura’
437 1345 623 1392 Alium
686 1362 893 1408 quoque
941 1345 1138 1393 librum
1189 1347 1464 1409 conposuit
1513 1346 1794 1410 egregium,
1834 1353 1838 1407 Ι
1886 1346 1977 1409 qui
2006 1356 2032 1393 f.
2054 1359 2098 1392 26
2117 1359 2152 1394 b.

78 1401 311 1438 Pastorahs.
368 1430 583 1475 uocatur
632 1428 930 1490 Pastoralis,
979 1429 1034 1477 in
1080 1447 1181 1492 quo
1220 1431 1500 1479 manifesta
1547 1431 1662 1479 luce
1716 1430 1971 1492 patefecit,

370 1511 547 1574 quales
595 1512 658 1559 ad
709 1512 953 1560 ecclesiae
1013 1513 1247 1575 regimen
1296 1512 1548 1576 adsumi¹,
1605 1514 1831 1577 qualiter
1877 1513 1976 1576 ipsi

369 1597 595 1643 rectores
648 1595 840 1658 uiuere,
899 1614 1001 1659 qua
1059 1596 1402 1646 discretione‘2
1463 1597 1696 1660 singula-s
1747 1614 1978 1660 quasque

368 1679 698 1728 audientium
724 1681 984 1729 instruere
1003 1699 1261 1744 personas,
1285 1685 1335 1730 et
1355 1685 1549 1745 quanta.
1565 1682 1978 1730 consideratione

366 1763 635 1826 propriam
679 1764 865 1812 cotidie
906 1765 1132 1814 debeant
1171 1766 1509 1828 fragilitatem
1553 1783 1781 1828 pensare.
1875 1765 1976 1814 Sed

77 1856 278 1914 Homines
367 1850 417 1896 et
456 1848 672 1896 omelias
709 1849 969 1912 euangelii
1005 1867 1223 1898 numero
1261 1851 1357 1898 XL
1395 1850 1678 1913 conposuit,
1723 1849 1883 1912 quas3
1920 1849 1977 1896 in

76 1907 276 2001 ffgssga‘
368 1932 571 1979 duobus
597 1933 857 1981 codicibus
892 1950 1056 1996 aequa
1089 1939 1225 1982 sorte
1259 1934 1515 1983 distinxit.
1594 1934 1779 1982 Libros
1815 1933 1975 1980 etiam

369 2015 709 2078 Dialogorum
740 2017 864 2064 IIII
896 2017 1032 2079 fecit,
1064 2018 1120 2065 in
1153 2018 1355 2080 quibus,
1387 2021 1568 2080 rogatu
1601 2019 1747 2065 Petri
1773 2016 1975 2064 diaconi

369 2098 462 2160 sui,
506 2100 731 2147 uirtutes
768 2103 1083 2162 sanctorum,
1116 2118 1244 2164 quos
1282 2102 1338 2149 in
1375 2102 1530 2149 Italia
1560 2101 1798 2148 clariores
1823 2117 1975 2148 nosse

368 2182 455 2229 uel
515 2182 692 2230 audire
751 2186 969 2245 poterat,
1024 2186 1087 2233 ad
1139 2185 1440 2248 exemplum
1488 2185 1705 2233 uiuendi
1751 2183 1975 2247 posteris

368 2264 635 2328 collegit43
696 2269 768 2327 ut,
823 2267 956 2316 sicut
1004 2268 1059 2315 in
1107 2268 1257 2316 libris
1306 2269 1693 2331 expositionum
1742 2285 1969 2328 suarum,

369 2349 558 2411 quibus
601 2350 670 2398 sit
707 2350 993 2399 uirtutibus
1030 2352 1401 2413 insudandum,
1445 2352 1661 2413 edocuit,
1706 2352 1780 2400 ita
1816 2351 1974 2400 etiam

369 2433 642 2495 descriptis
680 2436 981 2482 sanctorum
1017 2435 1298 2497 miraculis,
1332 2452 1460 2498 quae
1493 2436 1755 2484 uirtutum
1781 2451 1976 2483 earum-

368 2516 489 2563 dem
514 2516 583 2564 sit
609 2517 826 2578 claritas,
859 2519 1170 2567 ostenderet.
1248 2519 1485 2567 Primam
1523 2535 1728 2581 quoque
1765 2522 1816 2566 et
1852 2518 1973 2566 ulti-

78 2614 312 2648 Comment-
366 2616 510 2647 mam
550 2600 834 2649 Ezechielis
906 2602 1190 2664 prophetae
1228 2605 1442 2665 partem,
1490 2619 1618 2665 quae
1660 2602 1975 2650 uidebantur

77 2674 151 2703 ‘dl'V
170 2675 223 2697 011
561 2683 569 2692 ·
1018 2685 1027 2693 ·
1933 2685 1943 2693 .

77 2699 337 2758 EiekieLRe-
368 2682 702 2746 obscuriores,
744 2702 837 2747 per
873 2685 1089 2733 omellas
1125 2686 1231 2734 XX
1269 2689 1320 2734 et
1360 2687 1500 2747 duas,
1546 2688 1803 2748 quantum
1842 2685 1974 2733 lucis

77 2763 326 2848 sponsiones,
367 2762 512 2811 intus
536 2763 776 2825 habeant,
809 2766 1204 2814 demonstrauit.
1282 2766 1511 2829 Excepto
1545 2766 1724 2814 libello
1760 2782 1970 2828 respon-

76 2829 89 2848 (
130 2838 143 2847 χ’
369 2845 592 2907 sionum,
648 2864 806 2909 quem
866 2849 929 2896 ad
988 2849 1420 2911 interrogationes
1467 2849 1634 2897 sancti
1681 2848 1971 2910 Augustini

368 2928 528 2991 primi
563 2930 862 2992 Anglorum
899 2932 1071 2993 gentis
1106 2933 1329 2995 episcopi
1364 2933 1582 2995 scripsit,
1614 2934 1673 2981 ut
1707 2934 1792 2980 et⁶
1817 2948 1972 2993 supra

369 3008 651 3069 docuimus,
701 3013 874 3059 totum
916 3011 1092 3074 ipsum
1134 3012 1375 3060 libellum
1424 3013 1508 3061 his
1545 3013 1835 3060 inserentes
1873 3013 1970 3060 his-

424 3147 435 3169 ¹
467 3151 516 3187 ut
535 3162 664 3188 suum
687 3150 744 3190 M.
863 3151 877 3173 ²
909 3152 1190 3192 districtione
1212 3153 1263 3193 N.
1362 3153 1377 3176 3
1406 3166 1516 3203 quos
1537 3153 1594 3192 M.
1609 3154 1758 3201 B.W;
1781 3152 1900 3203 quod
1918 3153 1970 3192 N.

369 3213 382 3235 '¹
414 3215 583 3265 colligit
597 3216 669 3255 Ml.
689 3216 759 3256 N1.
871 3218 886 3241 ⁵
915 3220 963 3258 in
985 3219 1134 3257 ezech·
1158 3220 1201 3258 M
1225 3233 1234 3269 ;
1265 3220 1381 3258 hiez-
1404 3221 1457 3260 N.
1480 3219 1548 3260 B2.
1662 3219 1677 3242 ⁶
1705 3223 1750 3259 et
1771 3222 1824 3258 ut
1844 3218 1901 3258 M.
