2240 3444
20 944 38 982 f.
59 945 104 988 46
123 944 157 978 b.

257 193 355 232 Cn.
378 188 468 240 IV.]
758 178 947 232 Gentis
986 178 1033 229 A
1044 196 1078 230 ‘n
1087 178 1329 246 sylorum.
1736 179 1760 228 1
1771 178 1839 229 33

255 324 366 372 chis
406 325 700 372 Scottorum
738 323 940 383 tradita,
987 339 1044 370 eo
1094 322 1231 384 quod
1281 321 1384 369 illis
1426 322 1841 383 praedicantibus

254 406 412 454 fidem
441 406 633 455 Christi
657 405 989 468 perceperint.
1045 394 1050 401 ⁸

867 615 1019 664 OAP.
1062 615 1154 663 IV.

528 743 685 787 Quando
706 753 797 787 qens
817 743 1011 778 Pt'ctorum
1024 742 1145 785 fidem
1169 741 1307 776 Chris-ta·
1319 741 1523 785 perceperit
1541 736 1566 776 ¹.

324 854 587 910 SIQUIDEM
631 870 767 901 anno
811 852 1182 900 incarnationis
1225 851 1510 899 dominicae
1550 850 1835 912 DOLXOVO,

255 953 355 999 quo
416 938 644 997 tempore
703 935 1110 997 gubernaculum
1170 934 1395 982 Romani
1453 934 1658 996 imperii
1690 932 1694 998 Ι
1727 936 1843 996 post

255 1018 611 1067 Iustinianum
638 1018 879 1066 Iustinus
898 1017 1070 1064 minor
1093 1016 1298 1078 accepit,
1330 1016 1475 1063 uenit
1501 1017 1563 1064 de
1589 1016 1844 1065 Hibernia

254 1101 521 1163 presbyter
556 1103 606 1147 et
655 1099 810 1147 abbas
853 1099 1031 1147 habitu
1074 1101 1125 1146 et
1171 1098 1280 1146 uita
1320 1097 1562 1146 monachi
1604 1097 1838 1159 insignis,

255 1183 470 1231 nomine
519 1183 771 1231 Columba
813 1182 1142 1243 Brittaniam,
1189 1181 1575 1244 praedicaturus
1624 1181 1845 1228 uerbum

255 1265 354 1313 Dei
388 1265 670 1327 prouinciis
701 1264 1192 1326 septentrionalium
1226 1264 1507 1323 Pictorum,
1539 1264 1636 1311 hoc
1665 1266 1742 1311 est
1773 1263 1846 1310 eis

256 1365 385 1411 quae
420 1347 593 1395 arduis
624 1349 776 1409 atque
812 1346 1143 1394 horrentibus
1178 1347 1442 1394 montium
1475 1346 1609 1408 iugis
1639 1346 1701 1394 ab
1730 1362 1844 1393 aus-

255 1431 471 1479 tralibus
497 1447 675 1477 eorum
702 1432 824 1477 sunt
849 1429 1147 1492 regionibus
1173 1431 1528 1491 sequestratae.
1608 1428 1845 1489 Namque

255 1513 355 1576 ipsi
389 1514 638 1562 australes
675 1512 825 1573 Picti,
866 1512 955 1574 qui
988 1512 1127 1560 intra
1168 1512 1375 1560 eosdem
1414 1513 1621 1559 montes
1650 1511 1846 1558 habent

258 1598 416 1656 sedes,
447 1597 616 1643 multo
643 1598 763 1643 ante
788 1597 1035 1657 tempore,
1062 1595 1126 1642 ‘ut
1152 1594 1441 1656 perhibent,
1469 1593 1649 1641 relicto
1675 1609 1844 1640 errore

257 1679 535 1739 idolatriae,
584 1679 742 1726 fidem
783 1677 1019 1726 ueritatis
1056 1679 1365 1739 acceperant,
1408 1676 1736 1738 praedicante
1772 1675 1846 1722 eis

257 1763 477 1810 uerbum
507 1762 680 1823 Nynia
710 1761 947 1823 episcopo
980 1760 1398 1809 reuerentissimo
1432 1762 1483 1808 et
1517 1758 1842 1807 sanctissimo

256 1846 369 1893 uiro
394 1846 455 1893 de
480 1845 688 1892 natione
715 1845 1044 1904 Brettonum,
1076 1843 1165 1906 qui
1191 1845 1299 1891 erat
1321 1843 1516 1890 Romae
1541 1841 1845 1903 regulariter

255 1929 414 1976 fidem
446 1931 497 1976 et
533 1927 783 1990 mysteria
813 1926 1049 1974 ueritatis
1080 1927 1325 1985 edoctus;
1362 1925 1509 1972 cuius
1539 1924 1715 1972 sedem
1746 1925 1846 1986 epi-

257 2014 508 2073 scopatus,
552 2010 716 2058 sancti
762 2008 974 2057 Martini
1013 2007 1238 2070 episcopi
1286 2007 1501 2055 nomine
1545 2009 1596 2054 et
1638 2007 1847 2055 ecclesia

256 2094 530 2156 insignem,
579 2092 669 2140 ubi
710 2091 819 2153 ipse
858 2091 1013 2139 etiam
1056 2108 1265 2153 corpore
1306 2107 1411 2138 una
1449 2107 1568 2138 cum
1610 2088 1848 2151 pluribus

257 2176 450 2225 sanctis
480 2175 769 2237 requiescit,
812 2174 916 2221 iam
953 2191 1093 2221 nunc
1130 2174 1425 2236 Anglorum
1461 2189 1589 2235 gens
1626 2172 1841 2220 obtinet.

259 2260 359 2321 Qui
405 2259 560 2319 locus,
615 2259 678 2306 ad
727 2257 1052 2319 prouinciam
1107 2255 1468 2304 Berniciorum
1520 2254 1791 2317 pertinens
1811 2254 1841 2313 ¹²,

257 2343 416 2404 uulgo
442 2343 653 2389 uocatur
677 2341 762 2388 Ad
794 2339 1079 2388 Candidam
1109 2340 1306 2399 Casam,
1337 2356 1395 2386 eo
1429 2338 1565 2401 quod
1595 2337 1668 2384 ibi
1697 2336 1847 2384 eccle-

257 2425 389 2473 siam
415 2425 476 2472 de
501 2423 686 2484 lapide,
719 2422 934 2470 insolito
961 2421 1304 2469 Brettonibus
1329 2437 1472 2468 more
1498 2419 1686 2468 fecerit.

326 2507 486 2556 Uenit
523 2509 699 2554 autem
741 2504 1058 2552 Brittaniam
1097 2504 1358 2564 Columba,
1397 2504 1647 2566 regnante
1684 2501 1848 2549 Pictis

257 2591 439 2638 Bridio
470 2589 578 2637 filio
614 2587 919 2648 Meilochon,
962 2604 1079 2649 rege
1111 2586 1488 2649 potentissimo,
1528 2601 1667 2632 nono
1710 2600 1847 2630 anno

259 2673 404 2736 regni
429 2673 550 2734 eius,
575 2675 888 2736 gentemque
912 2671 1057 2718 illam
1078 2671 1235 2718 uerbo
1260 2672 1312 2717 et
1337 2669 1575 2730 exemplo
1600 2667 1662 2714 ad
1688 2666 1846 2713 fidem

261 2755 452 2805 Christi
492 2755 777 2815 conuertit;
815 2755 954 2802 unde
995 2756 1047 2801 et
1084 2753 1368 2815 praefatam
1405 2750 1633 2798 insulam
1667 2748 1729 2795 ab
1773 2747 1846 2795 eis

261 2837 318 2884 in
359 2837 732 2899 possessionem
774 2836 1077 2885 monasterii
1118 2835 1343 2883 faciendi
1384 2832 1588 2894 accepit.
1667 2830 1847 2892 Neque

263 2919 404 2967 enim
437 2936 626 2982 magna
659 2922 750 2980 est,
781 2920 870 2967 sed
904 2919 1050 2981 quasi
1081 2916 1400 2966 familiarum
1434 2915 1673 2976 quinque,
1704 2912 1847 2960 iuxta

262 3001 712 3049 aestimationem3
772 3001 1101 3064 Anglorum;
1162 3015 1319 3061 quam
1372 3012 1689 3045 successores
1736 2994 1847 3043 eius

261 3099 424 3145 usque
470 3083 624 3130 hodie
671 3086 867 3144 tenent,
922 3083 1012 3131 ubi
1058 3085 1110 3130 et
1157 3082 1267 3143 ipse
1310 3079 1546 3142 sepultus
1587 3081 1676 3139 est,
1725 3093 1844 3125 cum

288 3235 301 3258 ¹
325 3236 501 3286 ·ciperit
523 3236 580 3275 M.
636 3234 651 3256 ²
679 3236 736 3275 ad
753 3266 762 3275 .
779 3267 786 3275 .
804 3266 814 3276 .
830 3236 1063 3286 pertinens
1083 3238 1206 3273 added
1225 3247 1274 3272 οη
1294 3236 1453 3281 margin
1474 3232 1530 3270 M.
1603 3230 1618 3253 ³
1647 3243 1744 3270 -nes
1764 3231 1818 3270 N.

1875 862 2043 898 Mission
2064 864 2109 897 of

1874 913 2073 948 Columba
2090 917 2133 947 to

1872 962 1945 997 the
1964 963 2106 997 north-

1874 1023 1948 1046 ern
1969 1012 2091 1049 Picts,

1874 1073 1907 1097 A.
1921 1073 1956 1098 D.
1977 1064 2051 1106 565.

1874 1764 2122 1800 Conversion

1875 1814 1920 1848 of
1934 1814 2006 1848 the

1876 1865 2077 1899 southern

1877 1913 1987 1948 Picts
2006 1914 2058 1955 by

1876 1963 2045 2007 Nynias.

1879 2755 2015 2790 Grant
2033 2755 2079 2789 of

1877 2805 1981 2839 Iona
1998 2808 2041 2839 to

1878 2855 2075 2890 Columba
2083 2882 2090 2889 .
