2912 4368
986 485 1091 535 410
1506 470 1765 543 Epistola
1802 466 1946 521 Bede
1984 464 2062 519 ad

986 630 1294 693 prouocatus
1312 622 1617 674 accenderis.
1663 620 1807 669 Sicut
1828 635 1854 665 e
1875 613 2149 675 contrario,
2176 611 2222 661 si
2248 611 2588 662 commissum
2838 497 2845 697 1

986 714 1082 763 tibi
1105 729 1133 761 a
1158 710 1384 760 Domino
1409 706 1681 770 negotium
1714 703 1892 752 minus
1918 699 2200 763 diligenter
2224 697 2582 760 compleueris,
2615 719 2663 755 of
2677 721 2807 762 Matth

987 815 1079 861 pro
1121 795 1411 844 retentione
1450 790 1638 840 talenti
1686 805 1806 837 cum
1855 802 2004 835 seruo
2053 799 2287 846 nequam
2336 783 2388 830 et
2441 781 2587 845 pigro
2615 780 2702 866 ἓν·
2705 776 2788 861 fige

986 884 1187 945 partem
1213 896 1266 927 es
1291 878 1592 940 recepturus
1617 874 1674 921 in
1699 873 1928 930 futuro;
1954 867 2185 917 maxime
2212 865 2257 915 si
2282 865 2589 928 temporalia
2615 870 2692 907 xix
2712 885 2757 909 22

987 966 1050 1014 ab
1083 964 1187 1011 illis
1213 961 1486 1010 commoda
1520 958 1779 1021 requirere
1819 957 1976 1017 atque
2016 951 2246 1014 accipere
2285 943 2905 1203 piaes11m13-¹{3

988 1048 1129 1108 seris,
1167 1046 1355 1110 quibus
1391 1044 1538 1092 nulla
1576 1039 1810 1090 caelestis
1847 1036 2093 1086 beneficii
2131 1035 2270 1084 dona
2308 1034 2590 1097 rependere

989 1129 1301 1195 probaueris.
1374 1128 1508 1177 Cum
1534 1125 1676 1174 enim
1701 1123 1964 1172 Dominus
1989 1120 2210 1169 mittens
2243 1118 2308 1167 ad
2336 1118 2590 1182 euangeli-

992 1215 1216 1263 zandum
1242 1211 1518 1274 discipulos
1543 1209 1759 1258 dixisset
1781 1226 1791 1255 :
1833 1206 2065 1254 ‘Euntes
2090 1206 2270 1252 autem
2297 1201 2587 1266 praedicate
2617 1218 2756 1256 Matth.
2781 1233 2810 1258 x.
2853 1240 2857 1312 ἱ

994 1299 1221 1347 dicentes
1232 1296 1351 1359 quia
1365 1288 1828 1358 appropinquauit²
1849 1306 2072 1353 regnum
2091 1287 2355 1336 caelorum
2373 1286 2407 1347 ;’
2433 1286 2587 1349 paulo
2616 1280 2643 1314 7-

992 1384 1107 1445 post
1137 1378 1375 1428 adiunxit
1391 1379 1420 1439 3,
1453 1377 1653 1425 dicens:
1686 1375 1890 1424 ‘Gratis
1927 1372 2211 1436 accepistis,
2243 1371 2405 1434 gratis
2439 1371 2591 1433 date,
2620 1384 2669 1421 ib.
2687 1387 2717 1431 8,
2736 1399 2765 1433 9.

994 1462 1155 1510 nolite
1174 1459 1432 1523 possidere
1455 1473 1662 1516 aurum,
1680 1471 1847 1518 neque
1864 1453 2179 1518 argentum.'
2243 1452 2300 1501 Si
2325 1468 2447 1515 ergo
2475 1451 2595 1500 illos

994 1546 1148 1609 gratis
1187 1543 1517 1606 euangelium
1554 1541 1846 1604 praedicare
1879 1538 2046 1600 iussit,
2078 1555 2251 1602 neque
2289 1553 2480 1586 aurum
2512 1537 2595 1585 uel

994 1631 1278 1691 argentum,
1332 1627 1449 1675 uel4
1497 1624 1693 1688 aliquid
1742 1624 1994 1687 pecuniae
2036 1621 2343 1685 temporalis
2389 1620 2454 1670 ab
2502 1620 2589 1682 eis,

994 1713 1180 1775 quibus
1226 1710 1601 1774 praedicabant,
1650 1709 1878 1771 accipere
1920 1707 2198 1771 permisit,
2255 1705 2396 1769 quid,
2452 1722 2589 1769 rogo,

994 1796 1099 1844 illis
1125 1795 1214 1858 qui
1237 1795 1318 1843 his
1344 1794 1597 1842 contraria
1622 1796 1824 1856 gerunt,
1855 1791 2074 1855 periculi
2099 1790 2423 1839 immineat?

754 1893 917 1948 Negat-t
939 1907 944 1921 ‹
1066 1892 1107 1939 7.
1149 1879 1379 1927 Attende
1400 1878 1523 1941 quid
1550 1876 1847 1940 grauissimi
1873 1875 2080 1925 sceleris
2106 1875 2186 1924 illi
2213 1874 2588 1935 commiserint,

750 1943 957 2027 {ll'fflfftffi}
997 1963 1084 2026 qui
1110 1965 1160 2011 et
1186 1965 1390 2010 terrena
1421 1962 1483 2009 ab
1516 1960 1837 2009 auditoribus
1868 1961 1977 2009 suis
2014 1961 2157 2008 lucra
2193 1958 2594 2022 diligentissime

996 2047 1261 2109 requirere,
1295 2048 1345 2093 et
1382 2062 1474 2108 pro
1510 2062 1688 2093 eorum
1723 2045 1891 2092 salute
1928 2047 2140 2093 aeterna
2172 2043 2338 2092 nichil
2372 2042 2593 2091 omnino

994 2129 1344 2193 praedicando,
1387 2128 1471 2176 uel
1508 2129 1843 2190 exhortando,
1894 2129 1978 2176 uel
2021 2128 2355 2191 increpando,
2401 2125 2593 2175 laboris

995 2214 1289 2275 impendere
1337 2213 1660 2261 contendunt
1678 2213 1708 2259 5.
1799 2212 2032 2262 Sollicite
2084 2215 2243 2276 atque
2300 2211 2597 2261 intentione

996 2297 1206 2357 curiosa,
1255 2296 1473 2345 antistes
1521 2297 1871 2358 dilectissime,
1914 2298 2192 2361 perpende.
2270 2296 2597 2347 Audiuimus

996 2381 1150 2441 enim,
1182 2383 1232 2428 et
1257 2380 1395 2428 fama
1421 2384 1510 2443 est,
1544 2381 1662 2444 quia
1687 2382 1886 2430 multae
1917 2382 2076 2431 uillae
2109 2399 2165 2430 ac
2200 2381 2366 2430 uiculi
2391 2381 2597 2429 nostrae

996 2464 1164 2528 gentis
1189 2464 1243 2511 in
1268 2464 1534 2512 montibus
1560 2465 1663 2513 sint
1701 2465 1976 2515 inaccessis
2009 2484 2067 2515 ac
2102 2466 2327 2515 saltibus
2358 2464 2597 2514 dumosis

996 2546 1164 2608 positi,
1211 2548 1301 2595 ubi
1338 2565 1609 2611 nunquam
1652 2550 1836 2598 multis
1882 2550 2283 2599 ‘clanseuntibus
2326 2549 2482 2599 annis
2527 2547 2598 2598 sit

999 2630 1140 2677 uisus
1165 2631 1394 2693 antistes,
1427 2633 1516 2695 qui
1541 2632 1736 2681 ibidem
1762 2633 1962 2697 aliquid
1978 2634 2264 2683 ministerii
2287 2636 2378 2684 aut
2402 2631 2593 2698 gratia

998 2715 1825 2780 0361651156Χ1111)1161·11;(1110111111
1851 2720 2032 2767 tamen
2058 2718 2402 2802 116611111157·
2788 2745 2883 2801 Ι

997 2816 1020 2846 1
1048 2798 1257 2846 1111111115
1282 2799 1503 2847 antistiti
1527 2801 1806 2850 reddendis
1832 2818 1943 2850 esse
1969 2802 2136 2866 possit
2167 2802 2213 2851 i
2603 2811 2723 2857 Ι

1000 2882 1163 2929 solum
1190 2882 1379 2930 talibus
1398 2883 1524 2931 locis
1541 2884 1672 2932 desit
1688 2885 1920 2943 antistes,
1941 2885 2058 2949 qui
2394 2900 2481 2975 1

1001 2966 1274 3027 baptizatos
1308 2966 1312 3030 1
1346 2966 1633 3029 confirmet,
1658 2985 1847 3017 uerum
1873 2970 1964 3019 eti

1002 3066 1083 3096 eos
1122 3049 1236 3096 uel⁰
1279 3050 1401 3098 fidei
1439 3052 1714 3100 ueritatem
1761 3053 1850 3102 uel

1006 3132 1162 3180 malae
1204 3133 1420 3182 actionis
1469 3136 1687 3198 edoceat,
1745 3170 1753 3181 .

1007 3232 1270 3276 scoporum
1305 3217 1514 3278 quidam

1008 3298 1083 3344 ael
1126 3314 1311 3346 manus
1353 3300 1448 3348 fid·

1594 3238 1607 3259 .
1634 3240 1641 3247 ιι

1058 3435 1067 3455 ¹
1101 3438 1145 3474 in
1170 3438 1252 3478 fut.
1275 3451 1319 3477 es
1339 3453 1375 3477 r

1041 3505 1083 3539 et
1106 3503 1163 3542 M.
1330 3505 1344 3527 ⁵

1042 3571 1085 3606 ot
1108 3569 1165 3609 II.
