2240 3444
275 177 373 217 Cn.
395 174 531 227 XlV.]
772 167 962 221 Gentis
1002 170 1047 220 A
1065 171 1336 238 mulorum.
1734 176 1837 227 313

271 309 559 371 defunctus,
601 312 985 372 paenitentiam,
1028 331 1179 375 quam
1215 314 1273 361 ad
1308 315 1462 362 breue
1491 320 1691 378 tempus
1724 336 1836 366 cum

272 390 443 439 fructu
464 392 645 440 ueniae
666 394 828 441 facere
855 396 1152 456 supersedit,
1180 396 1230 442 111
1259 401 1520 443 111·11·1·1111111
1543 399 1649 443 siu·-
1673 401 1834 446 fructu

271 473 451 536 poenis
497 474 736 522 subditus
783 476 917 525 facit.
995 477 1071 524 De
1119 494 1218 538 quo
1267 482 1475 529 constat,
1530 480 1659 539 quia,
1712 481 1830 527 siout
1882 517 1891 525 .

271 555 453 603 beatus
485 573 615 618 papa
646 557 922 619 Gregorius
955 559 1017 605 de
1052 559 1356 620 quibusdam
1392 560 1578 610 scribit,
1620 578 1718 607 11011
1753 580 1838 622 pr«,

271 653 326 685 se
351 637 462 698 ista,
494 639 576 686 eui
601 656 707 686 non
732 641 978 701 profuere,
1011 641 1096 687 sed
1128 657 1218 701 pro
1248 641 1359 688 aliis
1394 641 1588 690 uim-rit.
1621 643 1704 702 qui
1733 644 1839 690 vius

269 719 541 768 interitum
584 724 946 784 cognoscentes
994 722 1196 769 differre
1238 725 1442 782 tempus
1485 723 1832 782 μαι-0111111100,

271 802 397 850 dum
445 805 607 862 uacat,
660 804 917 862 timerent,
972 820 1037 850 ne
1086 803 1350 865 inprouiso
1404 803 1584 849 mortis
1631 803 1839 850 artu-ul«,

269 884 552 946 praeuenti,
584 885 963 946 inpaenitentes
986 885 1226 947 perirent..
1287 886 1430 945 Quod
1452 889 1622 932 autem
1650 886 1841 932 rodim-s

271 966 500 1014 diuersos
524 983 615 1028 per
633 966 797 1014 bonos
823 967 932 1015 siue
956 967 1121 1015 malos
1141 967 1352 1029 spiritus
1377 967 1473 1014 sibi
1500 967 1627 1014 uidit
1657 968 1836 1024 offerri,

269 1049 334 1097 ob
366 1049 419 1096 id
453 1065 677 1111 superna
707 1049 1084 1111 dispensatione
1116 1049 1307 1096 factum
1339 1052 1427 1108 est,
1465 1052 1520 1096 ut
1553 1049 1840 1095 niviniueri-

269 1148 388 1179 mus
422 1131 557 1180 facta
590 1134 640 1180 et
673 1132 1007 1194 cogitationes
1039 1134 1239 1179 nostras
1272 1148 1374 1178 non
1409 1131 1463 1177 in
1498 1134 1712 1177 uentum
1745 1132 1837 1178 ‹lif-

269 1214 429 1262 fluere
446 1215 473 1274 ¹,
505 1214 594 1262 sed
625 1215 688 1262 ad
715 1231 932 1262 examen
965 1214 1159 1261 summi
1193 1213 1386 1260 Iudicis
1411 1216 1593 1260 cuncta
1618 1213 1804 1260 seruari
1830 1232 1839 1264 ;

267 1300 319 1346 et
357 1297 469 1344 siue
499 1313 589 1360 per
625 1297 816 1345 amicos
851 1297 1061 1359 angelos
1094 1296 1148 1343 in
1184 1296 1288 1342 fine
1325 1295 1471 1341 nobis
1509 1295 1834 1353 ostendenda,

268 1380 378 1429 siue
412 1396 503 1442 per
534 1380 721 1429 hostes,
799 1380 943 1440 Quod
982 1395 1101 1426 uero
1138 1378 1281 1440 prius
1311 1377 1585 1424 candidum
1617 1377 1837 1424 codicem

267 1463 600 1528 protulerunt
633 1462 818 1526 angeli,
858 1463 1043 1510 deinde
1076 1464 1247 1509 atrum
1285 1461 1587 1518 daemones;
1626 1460 1700 1506 illi
1733 1477 1838 1520 per-

266 1563 501 1610 paruum,
523 1545 611 1594 isti
630 1562 897 1593 enormem
920 1563 930 1605 3
967 1543 1486 1592 animaduertendum
1513 1544 1601 1599 est,
1625 1542 1756 1602 quod
1786 1543 1837 1589 in

267 1629 436 1692 prima
476 1631 641 1676 aetate
675 1629 810 1676 bona
845 1628 1014 1689 aliqua
1049 1626 1182 1686 fecit,
1226 1641 1356 1687 quae
1393 1627 1566 1671 tamen
1604 1624 1840 1671 uniuersa

268 1728 423 1774 praue
455 1713 652 1774 agendo
686 1711 890 1759 iuuenis
923 1708 1258 1758 obnubilauit.
1336 1706 1433 1766 Qui
1459 1705 1500 1752 si
1535 1721 1561 1751 e
1592 1706 1840 1752 contrario

268 1810 462 1842 errores
509 1794 758 1856 pueritiae
805 1793 1055 1855 corrigere
1103 1791 1158 1838 in
1205 1787 1561 1845 adulescentia,
1609 1803 1663 1833 ac
1713 1787 1840 1833 bene

267 1876 502 1925 faciendo
527 1894 556 1925 a
582 1878 676 1925 Dei
699 1877 858 1925 oculis
877 1874 1184 1924 abscondere
1209 1872 1445 1929 curasset,
1469 1871 1636 1931 posset
1665 1885 1840 1915 eorum

193 1972 216 2011 ·.
268 1976 486 2008 numero
507 1960 700 2019 sociari,
726 1959 788 2007 de
814 1958 1001 2020 quibus
1019 1957 1089 2005 ait
1107 1955 1337 2018 psalmus
1359 1971 1369 2000 :
1413 1951 1599 2010 ‘Beati,
1625 1967 1839 2011 quorum

269 2042 513 2091 remissae
533 2044 655 2090 sunt
675 2041 986 2104 iniquitates,
1013 2041 1064 2086 et
1084 2053 1304 2100 quorum
1320 2037 1453 2082 tecta
1471 2035 1590 2080 sunt
1612 2034 1842 2093 peccata.‘

268 2125 421 2173 Hanc
446 2125 731 2185 historiam,
754 2124 887 2172 sicut
912 2139 941 2169 a
966 2119 1250 2169 uenerabili
1268 2116 1498 2165 antistite
1518 2113 1842 2163 Pecthel1no‘2

266 2207 435 2269 didici,
479 2206 784 2268 simpliciter
820 2206 884 2254 ob
920 2204 1142 2252 salutem
1177 2200 1458 2264 legentium
1495 2198 1603 2246 siue
1641 2195 1842 2243 audien·

265 2290 400 2339 tium
426 2289 739 2338 narrandam
765 2305 874 2336 esse
898 2286 1091 2350 putaui.

879 2466 1030 2516 CAP.
1073 2464 1215 2514 XIV.

424 2613 470 2650 Ut
489 2614 578 2649 item
599 2611 702 2648 alius
721 2611 934 2646 moriturus
952 2608 1174 2652 deputatmn
1195 2604 1269 2639 sibe·
1288 2603 1393 2647 apud
1415 2601 1550 2647 inferos
1569 2600 1683 2634 lorum

859 2672 1076 2709 poenarum
1096 2661 1247 2696 uiderit.

335 2775 479 2824 Nom
503 2777 678 2822 autem
704 2773 814 2835 ipse
832 2772 1061 2828 fratrem,
1087 2783 1239 2830 quem
1266 2764 1461 2812 utinam
1488 2777 1590 2808 non
1617 2774 1832 2807 nossem.

266 2858 412 2907 cuius
451 2857 609 2905 etiam
652 2872 860 2915 nomen,
906 2853 949 2901 si
987 2852 1081 2899 hoc
1120 2847 1311 2910 aliquid
1351 2845 1620 2907 prodesset,
1674 2840 1837 2887 dicere

265 2957 505 3004 possem3
559 2938 791 3001 positum
839 2936 894 2984 in
943 2931 1254 2983 monasterio
1302 2926 1475 2985 nobili,
1530 2924 1615 2971 sed
1665 2922 1833 2983 ipsum

265 3022 566 3086 ignobiliter
597 3021 883 3068 uiuentem.
957 3012 1337 3076 Corripiebatur
1365 3008 1570 3070 quidem
1606 3003 1780 3051 sedulo
1810 3019 1837 3049 a

265 3105 511 3155 fratribus
560 3119 617 3151 ac
665 3100 947 3150 maioribus
993 3097 1103 3157 loci,
1155 3097 1308 3155 atque
1354 3091 1416 3139 ad
1466 3085 1833 3149 castigatiorem

565 3235 575 3257 ¹
601 3234 794 3274 defluere
815 3232 872 3271 M.
986 3227 1001 3250 ²
1029 3225 1165 3278 penit-
1188 3225 1251 3273 N;
1282 3223 1404 3274 peht-
1428 3221 1474 3259 C.
