2240 3444
298 159 395 197 Cap,
418 154 469 205 1.]
804 144 995 197 Gentis
1033 143 1372 212 Awgylorum.
1815 143 1881 192 77

296 291 473 349 toriis;
512 290 689 338 libello
726 306 928 352 quoque
966 289 1223 351 synodico,
1255 303 1410 350 quem
1448 287 1597 334 cum¹
1636 287 1885 349 episcopis

283 374 480 424 Italiae
517 373 578 421 de
616 371 913 420 necessariis
957 371 1195 419 ecclesiae
1232 372 1397 420 causis
1439 371 1729 420 utillimum
1772 386 1885 416 con·

296 457 479 518 posuit,
512 458 562 503 et
598 453 940 502 familiaribus
976 454 1039 501 ad
1077 454 1326 515 quosdam
1362 454 1564 502 litteris.
1642 453 1787 512 Quod
1826 468 1884 498 eo

297 538 462 601 magis
487 538 679 584 mirum
712 538 791 584 est
823 538 901 584 tot
935 552 1056 583 eum
1092 552 1149 583 ac
1185 538 1330 585 tanta
1366 538 1581 585 condere
1617 533 1886 582 uolumina

298 620 539 683 potuisse,
570 620 706 682 quod
738 619 882 666 omni
915 635 1047 680 pene
1078 619 1370 667 iuuentutis
1401 636 1523 667 suae
1552 621 1796 679 tempore,
1828 618 1887 663 ut

298 703 471 750 uerbis
496 702 657 764 ipsius
682 701 874 763 loquar.
907 701 1096 749 crebris
1121 702 1379 750 uiscerum
1412 701 1675 750 doloribus
1705 699 1887 747 crucia-

296 784 493 843 batur‘2,
536 784 677 832 horis
721 784 1107 845 momentisque
1149 785 1393 833 omnibus
1434 785 1593 832 fracta
1634 782 1886 830 stomachi

298 867 492 915 uirtute
517 867 830 923 lassescebat,
858 866 1015 913 lentis
1042 867 1268 928 quidem,
1301 867 1390 915 sed
1415 869 1592 914 tamen
1622 864 1886 913 continuis

295 950 528 998 febribus
560 949 849 997 anhelabat.
927 949 1127 997 Uerum
1153 949 1289 997 inter
1312 950 1450 1010 haec,
1484 950 1611 997 dum
1636 947 1887 996 sollicitus

52 1046 175 1082 Hebr.
199 1046 266 1083 xii.
297 1035 549 1095 pensaret,
609 1032 729 1094 quia
779 1031 1034 1093 scriptura
1093 1034 1257 1081 teste:
1323 1031 1539 1081 ‘Omnis
1586 1031 1740 1090 filius,
1797 1029 1886 1091 qui

51 1097 84 1132 ⁶·
299 1116 555 1177 recipitur,
600 1114 944 1177 flagellatur’3
983 1131 1084 1176 quo
1123 1114 1275 1162 malis
1312 1114 1673 1177 praesentibus
1709 1112 1887 1160 durius

298 1197 692 1260 deprimebatur,
748 1213 806 1244 eo
867 1198 930 1244 de
982 1199 1190 1245 aeterna
1250 1197 1439 1245 certius
1498 1195 1886 1259 praesumtione

297 1280 592 1342 respirabat.

366 1363 508 1411 Haec
545 1362 756 1424 quidem
793 1362 854 1409 de
891 1361 1158 1410 inmortali
1195 1362 1304 1410 eius
1341 1362 1447 1410 sint
1484 1363 1621 1410 dicta
1661 1360 1884 1423 ingenio,

298 1447 435 1509 quod
462 1462 556 1493 nec
581 1447 728 1493 tanto
755 1445 982 1506 corporis
1000 1445 1170 1506 potuit
1192 1445 1368 1492 dolore
1388 1445 1642 1506 restingui
1658 1444 1687 1492 ³.
1753 1443 1888 1491 Nam

297 1529 385 1577 alii
422 1528 633 1591 quidam
670 1527 941 1590 pontifices
981 1528 1341 1576 construendis
1381 1516 1729 1589 ornandisque
1766 1543 1889 1574 auro

296 1612 381 1660 uel
419 1613 631 1674 argento
669 1610 894 1658 ecclesiis
931 1628 1138 1673 operam
1176 1611 1381 1672 dabant,
1414 1611 1498 1658 hic
1534 1613 1710 1659 autem
1748 1612 1889 1658 totus

298 1711 415 1757 erga
449 1694 742 1741 animarum
778 1693 921 1740 lucra
957 1694 1182 1742 uacabat.

52 1794 102 1828 cf.
127 1794 191 1828 Ps.
368 1777 620 1839 Quicquid
654 1775 900 1838 pecuniae
929 1776 1190 1835 habuerat,
1221 1777 1431 1824 sedulus
1467 1776 1563 1823 hoc
1600 1776 1889 1838 dispergere
1919 1795 1994 1831 His
2014 1797 2177 1831 elatran-

51 1844 126 1878 αἱ·
148 1856 179 1886 9·
299 1877 354 1908 ac
379 1861 499 1908 dare
523 1858 833 1922 pauperibus
868 1859 1091 1919 curabat,
1122 1861 1181 1906 ut
1207 1859 1406 1907 iustitia
1438 1859 1549 1906 eius
1573 1861 1807 1906 maneret
1832 1858 1886 1906 in
1918 1848 1992 1882 “¹¹²

299 1943 561 1991 saeculum
591 1941 790 2002 saeculi,
827 1943 878 1988 et
912 1958 1072 1989 cornu
1106 1941 1217 1988 eius
1246 1942 1560 1989 exaltaretur
1594 1941 1651 1988 in
1690 1941 1887 2004 gloria;

54 2038 125 2071 Iob
145 2037 254 2072 xxix,
298 2026 372 2073 ita
405 2027 464 2072 ut
497 2025 627 2072 illud
661 2024 797 2072 beati
831 2023 927 2071 Iob
961 2024 1210 2072 ueraciter
1247 2023 1415 2072 dicere
1451 2026 1658 2086 posset:
1703 2024 1889 2072 ‘Auris

56 2101 103 2122 ¹¹'
125 2100 171 2131 ¹⁷·
297 2108 513 2156 audiens
536 2106 850 2155 beatificauit
867 2107 883 2131 ‘²
907 2123 1004 2167 me,
1036 2109 1087 2154 et
1112 2106 1290 2154 oculus
1315 2107 1499 2155 uidens
1525 2107 1887 2155 testimonium

297 2191 537 2239 reddebat
558 2191 703 2250 mihi,
726 2190 861 2251 quod
882 2189 1184 2237 liberassem
1202 2206 1481 2252 pauperem
1498 2190 1881 2240 uociferantem.

298 2277 349 2322 et
373 2273 648 2335 pupillum,
677 2272 754 2319 cui
782 2289 889 2319 non
915 2274 1050 2320 esset
1074 2271 1290 2321 adiutor.
1344 2272 1647 2320 Benedictio
1672 2272 1890 2334 perituri

300 2373 453 2419 super
510 2373 594 2403 me
641 2355 896 2416 ueniebat,
944 2356 995 2402 et
1042 2372 1128 2402 cor
1175 2355 1362 2403 uiduae
1412 2356 1703 2403 consolatus
1751 2373 1884 2404 sum.

301 2440 512 2487 Iustitia
544 2439 761 2486 indutus
793 2455 922 2496 sum,
955 2440 1005 2485 et
1038 2438 1259 2486 uestiui⁵
1285 2455 1381 2498 me,
1414 2439 1545 2486 sicut
1570 2439 1885 2487 uestimento

55 2537 190 2579 122721.
299 2524 350 2569 et
387 2522 676 2570 diademate
691 2521 720 2580 ⁶,
751 2520 938 2568 iudicio
975 2537 1105 2568 meo.
1145 2519 1150 2583 Ι
1184 2520 1376 2568 Oculus
1411 2520 1487 2568 fui
1523 2537 1681 2581 caeco,
1713 2524 1762 2569 et
1799 2537 1887 2582 pes

300 2604 492 2653 claudo,
604 2604 760 2651 Pater
808 2619 949 2650 eram
996 2620 1296 2665 pauperum,
1351 2606 1401 2651 et
1458 2620 1674 2664 causam,v
1731 2621 1886 2665 quam

301 2686 604 2745 nesciebam,
644 2685 1042 2748 diligentissime
1080 2686 1471 2749 inuestigabam.
1549 2688 1887 2735 Conterebam

300 2769 465 2816 molas
489 2768 668 2831 iniqui,
700 2770 750 2816 et
775 2769 837 2816 de
857 2768 1099 2816 dentibus
1125 2769 1268 2817 illius
1291 2769 1586 2817 auferebam
1611 2770 1886 2831 praedam.’

56 2870 126 2906 Iob
145 2869 253 2907 xxxi.
300 2852 369 2898 Et
406 2850 559 2912 paulo
601 2852 750 2912 post:
799 2851 883 2898 ‘Si
921 2851 1141 2913 negaui,'
1179 2851 1364 2913 inquit,
1414 2852 1580 2913 ‘quod
1624 2851 1881 2911 uolebant,

59 2922 178 2957 ¹6'¹⁸·
298 2933 623 2996 pauperibUS,
655 2936 705 2981 et
731 2933 904 2981 oculos
930 2933 1116 2981 uiduae
1141 2935 1431 2996 exspectare
1456 2934 1565 2981 feci.
1613 2933 1665 2981 Si
1687 2934 1887 2982 comedi

355 3067 366 3088 ¹
399 3080 498 3106 cum
519 3080 591 3105 om.
615 3067 672 3105 M.
813 3066 828 3088 ²
857 3068 1072 3117 fatigatur
1092 3067 1164 3107 Ml.
1277 3069 1290 3090 ³
1320 3069 1532 3117 restringi
1554 3068 1585 3106 C
1605 3081 1613 3113 ;
1644 3069 1887 3118 restringui

301 3133 352 3180 D,
378 3136 469 3171 with
492 3145 513 3169 r
532 3135 681 3171 deleted.
922 3132 936 3153 ⁴
968 3133 1247 3171 beatificabat
1270 3133 1324 3170 M.
1342 3133 1415 3182 HI.
1430 3133 1499 3172 W.
1522 3137 1604 3171 <md
1622 3146 1660 3171 so
1681 3134 1884 3184 Vulgate.

299 3200 314 3222 ⁵
341 3199 529 3238 uestiuit
551 3198 608 3236 M.
720 3196 734 3217 ‘³
764 3198 893 3237 dead·
915 3197 987 3237 M1.
1013 3197 1081 3238 N&
