2240 3444
729 162 948 217 Baedcce
986 164 1374 218 Conte'nuutc'o.
1731 169 1834 220 363

320 305 457 349 Anno
481 304 765 356 DCCLVHI,
792 304 1081 349 Eadberctus
1114 322 1192 351 rex
1228 307 1715 364 Nordanhymbrorum
1753 310 1833 353 Dei

260 379 431 423 amoris
465 393 616 430 causa,
652 380 700 422 et
730 378 946 422 caelestis
979 379 1159 434 patriae
1193 380 1437 426 uiolentia.
1464 385 1657 436 accepta
1689 383 1835 426 sancti

261 452 388 497 Petri
411 454 615 502 tonsura,
642 450 739 495 filio
764 466 845 495 suo
868 451 1062 495 Osuulfo
1086 467 1280 509 regnum
1306 453 1509 508 reliquit.

318 525 455 568 Anno
471 524 754 576 DCCLVIII‚
773 524 994 568 osuulfus
1010 540 1037 568 a
1054 524 1146 568 suis
1165 525 1393 569 ministris
1417 527 1619 570 facinore
1636 526 1644 550 ¹
1666 528 1839 571 occisus

262 601 334 644 est
356 614 365 650 ;
398 600 447 643 et
471 596 749 641 Edilualdus
771 612 896 642 anno
919 598 1086 642 eodem
1115 613 1143 641 a
1175 613 1257 642 sua
1286 599 1421 654 plebe
1445 599 1618 642 electus
1643 599 1838 642 intrauit

261 673 312 714 in
335 685 534 728 regnum
560 687 569 722 ;
602 669 734 714 cuius
763 670 965 715 Secundo
996 685 1119 714 anno
1153 685 1326 728 inagna
1354 671 1598 714 tribulatio
1633 673 1838 715 mortali-

263 743 378 788 tatis
410 744 543 788 uenit
576 746 625 789 et
647 744 828 788 duobus
859 745 1008 788 ferme
1041 743 1176 788 annis
1208 743 1479 800 permansit,
1511 745 1840 800 populantibus

262 817 390 862 duris
413 832 466 862 ac
491 817 691 862 diuersis
708 817 724 841 ‘·'
748 817 1108 876 egritudinibus,
1133 816 1335 861 maxime
1358 819 1517 861 tamen
1551 817 1840 873 dysenteriae

262 893 506 951 languore.

320 966 456 1010 Anno
481 964 717 1016 DCCLXI,
744 963 934 1021 Oengus
968 963 1208 1008 Pictorum
1242 978 1320 1008 rex
1354 963 1486 1014 obiit,
1512 963 1590 1019 qui
1621 963 1749 1020 regni
1774 964 1841 1009 sui

263 1038 556 1096 principium
583 1053 729 1094 usque
762 1038 822 1081 ad
850 1038 992 1082 finem
1026 1036 1232 1081 facinore
1264 1040 1456 1082 cruento
1486 1040 1712 1094 tyrannus
1744 1053 1844 1093 per·

261 1112 399 1156 duxit
422 1111 633 1156 carnifex
652 1127 661 1164 ;
697 1114 745 1155 et
769 1110 933 1154 Osuini
956 1110 1132 1155 occisus
1155 1114 1238 1155 est.

320 1186 458 1230 Anno
482 1184 736 1237 DCCLXV,
758 1184 1050 1228 Aluchredus
1073 1198 1151 1228 rex
1176 1186 1418 1240 susceptus
1441 1186 1510 1228 est
1534 1183 1582 1226 in
1606 1198 1812 1241 regnum.

327 1258 755 1310 AnnoDCCLXVL
770 1257 1057 1315 Ecgberctus
1073 1256 1449 1314 archiepiscopus
1464 1257 1683 1313 prosapia
1697 1256 1844 1314 regali

263 1332 461 1387 ditatus,
495 1346 550 1376 ac
585 1330 748 1375 diuina
781 1330 982 1375 scientia
1017 1330 1237 1383 imbutus,
1276 1333 1324 1375 et
1360 1329 1698 1384 Frithubertus‚
1734 1344 1841 1374 uere

264 1406 424 1452 fideles
447 1404 673 1463 episcopi,
697 1405 756 1449 ad
780 1404 1033 1449 Dominum
1056 1402 1412 1462 migrauerunt.]

608 1534 621 1557 ¹
649 1534 893 1574 facinorose
914 1532 1012 1573 edd.
1198 1531 1213 1554 ²
1241 1533 1440 1573 aduersis
1463 1534 1502 1571 b.
