2240 3444
8 1090 89 1125 Act.
99 1089 176 1124 xvi.
184 1101 212 1132 3.

9 1174 54 1209 th.
62 1173 144 1208 xxi.
161 1174 211 1208 26.

8 1256 52 1291 ³b.
74 1255 185 1290 xviii.

11 1308 54 1342 t8.

14 1413 53 1448 .b.
68 1414 146 1448 xxi.
160 1426 212 1450 20.

8 2077 27 2112 f.
49 2078 91 2121 65

109 2088 143 2112 a.

249 124 347 162 Cu.
372 119 527 171 XXV]
749 111 938 164 Gentis
979 114 1024 164 A
1041 115 1313 180 ›valna-um.
1720 126 1812 174 185

245 255 359 314 fuit,
415 256 624 315 exempla
683 258 977 315 sectamur3
1040 275 1157 304 cum
1219 260 1384 320 ipsum
1447 264 1816 323 sapivutissiuw

246 337 438 385 uixisse
465 337 635 385 omnis
660 338 889 385 mundus
912 340 1148 387 liouorit.'
1210 342 1281 388 At
1305 343 1580 392 Uilsridus:
1612 349 1817 398 :xlm-its

245 418 429 481 inquit,
479 420 565 466 ‘ut
603 419 892 466 Iohannem
930 421 1179 468 stultitiae
1217 425 1659 483 reprclwmlamus,
1702 448 1815 476 vum

245 502 372 549 scita
404 501 533 563 legis
559 501 812 549 Mosaicae
845 501 986 548 iuxta
1019 502 1245 550 litteram
1273 509 1507 563 seruarvt,
1542 507 1818 557 nuh-timuit«-

247 583 414 631 adhuc
451 584 506 631 in
543 583 726 630 multis
763 583 986 643 ecclesia,
1030 601 1122 632 nec
1165 586 1337 634 subito
1382 588 1672 635 ualentibus
1714 610 1819 652 up«,-

248 665 395 714 stolis
421 682 633 714 0111119111
668 665 796 728 legis
822 667 1218 727 obseruantiam,
1251 685 1378 729 quae
1403 686 1430 716 a
1457 670 1562 716 Deo
1590 671 1820 721 instituta

247 751 340 808 est,
371 749 605 796 abdicare
634 747 913 810 (quomodo
945 749 1230 810 simulacra,
1262 767 1389 812 quac
1426 769 1453 798 a
1489 753 1820 802 damuouibus

245 829 463 878 inuenta
499 833 636 890 sunt,
667 831 933 892 repudiare
967 848 1162 891 omnes,
1194 833 1282 893 qui
1307 833 1367 879 ad
1403 832 1557 880 fidem
1587 836 1815 889 ueniunt,

246 927 451 959 necesse
489 911 602 972 est),
642 911 883 959 uidelicet
922 928 987 958 ne
1024 913 1322 960 scandalum
1359 915 1583 962 facerent
1621 917 1704 966 eis.
1738 919 1822 978 qui

245 993 385 1042 inter
431 996 612 1056 gentes
660 996 807 1041 erant
856 994 1077 1043 Iudaeis.
1171 995 1311 1042 Hinc
1359 999 1435 1043 est
1483 997 1636 1056 onim,
1691 1002 1822 1060 quod

246 1076 442 1124 Paulus
459 1076 798 1124 Timotheum
824 1076 1156 1136 circumcidit,
1179 1078 1314 1138 quod
1341 1078 1532 1126 hostias
1557 1079 1609 1126 in
1632 1082 1824 1142 templo

246 1159 556 1220 immolauit,
579 1159 715 1221 quod
742 1175 860 1207 cum
880 1158 1074 1220 Aquila
1093 1162 1142 1206 et
1164 1159 1400 1207 Priscilla
1425 1164 1573 1222 caput
1594 1162 1822 1210 Chorinti

247 1241 475 1290 totondit
496 1260 507 1303 ;
545 1243 609 1290 ad
647 1241 781 1289 nihil
818 1242 1059 1289 uidelicet
1099 1242 1240 1302 utile,
1283 1243 1381 1289 nisi
1424 1244 1485 1290 ad
1525 1246 1821 1293 scandalum

248 1323 525 1372 uitandum
562 1325 890 1372 Iudaeorum.
972 1324 1145 1372 Hinc1
1178 1325 1313 1386 quod
1351 1325 1516 1372 eidem
1556 1325 1715 1373 Paulo
1754 1327 1825 1375 Ia-

247 1407 404 1454 cobus
428 1407 534 1455 ait:
572 1408 602 1430 ‘⁴
622 1407 797 1466 Uides,
829 1406 1000 1466 frater,
1034 1409 1159 1468 quot
1196 1406 1341 1453 milia
1373 1410 1495 1454 sunt
1521 1407 1574 1454 in
1602 1408 1816 1458 Iudaeis.

247 1489 336 1551 qui
364 1489 695 1537 crediderunt
718 1508 729 1549 3
767 1490 818 1536 et
843 1505 1026 1536 omnes
1054 1488 1110 1535 hi
1136 1489 1474 1535 aemulatores
1499 1492 1621 1537 sunt
1647 1490 1820 1552 legis.'’

247 1570 354 1619 Nec
391 1573 569 1620 tamen
607 1571 760 1619 hodie
798 1571 1107 1619 clarescente
1139 1588 1231 1633 per
1263 1571 1518 1618 mundum
1557 1573 1822 1635 euangelio

246 1670 454 1702 necesse
480 1657 569 1715 est,
599 1655 764 1702 immo
790 1671 884 1702 nec
909 1654 1114 1701 licitum
1138 1653 1378 1701 fidelibus
1410 1653 1492 1700 uel
1517 1654 1818 1703 circumcidi.

244 1735 330 1784 uel
355 1737 552 1784 hostias
578 1738 688 1785 Deo
713 1737 1047 1784 uictimarum
1073 1736 1251 1783 offerre
1276 1735 1570 1783 carnalium.
1643 1736 1824 1797 Itaque

245 1819 509 1868 Iohannes
552 1820 838 1868 secundum
880 1818 1009 1882 legis
1046 1817 1473 1866 consuetudinem
1510 1818 1703 1865 XIIII²¹
1745 1819 1824 1866 dio

245 1902 443 1950 mensis
489 1903 648 1964 primi
691 1903 755 1950 ad
797 1918 1065 1964 uesperam
1106 1900 1382 1961 incipiebat
1431 1900 1824 1948 celebrationem

246 1983 366 2032 festi
395 1985 663 2047 paschalis,
695 1985 772 2033 nil
797 2001 994 2045 curans,
1026 1986 1205 2032 utrum
1239 1983 1363 2030 haec
1387 1982 1609 2042 sabbatO,
1642 2000 1705 2030 an
1731 1983 1827 2030 alia

247 2066 478 2127 qualibet
537 2067 662 2116 feria
720 2067 1031 2130 proueniret.
1137 2071 1142 2127 1
1173 2067 1248 2113 At
1299 2082 1421 2112 uero
1473 2066 1657 2112 Petrus
1711 2082 1825 2112 cum

247 2148 441 2197 Romae
477 2151 805 2212 praedicaret,
836 2166 1049 2210 memor,
1081 2149 1201 2210 quia
1233 2147 1490 2195 Dominus
1524 2149 1688 2208 prima
1725 2148 1827 2194 sal>-

244 2233 353 2281 bati
377 2235 658 2283 resurrexit
678 2251 706 2283 a
726 2235 959 2295 mortuis,
983 2250 1038 2281 ac
1057 2232 1254 2280 mundo
1279 2247 1424 2292 spem
1443 2231 1825 2277 19811116911111115ι

247 2317 482 2378 contulit,
506 2317 579 2365 ita
603 2318 792 2380 pascha
816 2316 1110 2364 faciendum
1136 2314 1394 2361 intellexit
1409 2312 1438 2373 ²,
1462 2315 1518 2360 ut
1543 2314 1822 2360 secundum

248 2400 679 2448 consuetudinem
699 2417 755 2448 39
774 2400 1041 2462 praecepta
1066 2398 1193 2460 legis
1213 2396 1450 2444 XIIIIam
1470 2395 1645 2442 lunam
1674 2395 1822 2455 primi

247 2482 456 2542 mensis,
495 2499 655 2544 aeque
691 2483 822 2530 sicut
859 2481 1135 2539 Iohannes,
1175 2479 1424 2526 orientem
1461 2478 1522 2524 ad
1562 2493 1821 2537 uesperam

247 2579 452 2626 semper
487 2567 836 2627 exspectaret;
885 2566 936 2612 et
972 2564 1067 2611 hac
1105 2564 1290 2620 exorta,
1333 2561 1374 2607 si
1413 2559 1664 2607 dominica
1700 2558 1816 2607 dios,

247 2663 376 2708 quae
401 2649 527 2695 tunc
553 2648 722 2710 prima
747 2647 945 2696 sabbati
970 2644 1258 2702 uocabatur,
1286 2645 1391 2689 erat
1416 2657 1564 2688 mane
1590 2642 1817 2688 uentura.

246 2729 302 2776 in
326 2730 440 2791 ipsa
464 2747 678 2792 uespera
702 2729 890 2792 pascha
916 2727 1234 2776 dominicum
1261 2724 1509 2771 celebrare
1536 2721 1815 2781 incipiebat.

246 2812 506 2873 quomodo
547 2814 598 2860 et
638 2828 734 2860 nos
776 2810 986 2859 omnes³
1023 2808 1174 2856 hodie
1215 2806 1376 2852 facere
1418 2804 1652 2850 solemus.
1732 2802 1821 2848 Sin

245 2896 423 2942 autem
482 2895 739 2942 dominica
803 2911 909 2942 non
968 2891 1200 2954 proximo
1264 2904 1413 2933 1113119
1473 2887 1585 2946 post
1645 2884 1818 2929 lunam

247 2977 489 3024 XIIIIam
535 2977 623 3025 sed
659 2977 810 3024 XVI²¹
843 2978 931 3023 aut
964 2971 1151 3022 XVIIa
1180 2971 1267 3017 aut
1303 2968 1400 3015 3113
1436 2966 1660 3028 qualibet
1699 2965 1820 3011 luna

493 3016 503 3038 7

248 3077 412 3124 usque-
447 3061 512 3109 ad
549 3060 750 3108 XXIam
787 3061 921 3107 esset
956 3058 1189 3112 uentura,
1225 3049 1546 3112 exspectabat
1583 3064 1691 3093 eam
1712 3046 1739 3104 ⁴,
1770 3048 1819 3091 et

246 3181 258 3203 ¹
290 3182 397 3220 hinc
418 3184 485 3220 est
507 3181 559 3220 B.
635 3179 650 3202 2
679 3181 804 3227 -legit
825 3177 900 3218 M1.
989 3176 1003 3199 ³
1033 3188 1185 3215 omnes
1205 3188 1279 3212 om.
1297 3171 1354 3210 M.
1455 3169 1467 3191 ⁴
1496 3180 1595 3207 cum
1614 3167 1668 3205 M.
1694 3166 1756 3203 N1.
1775 3165 1820 3203 C.
