2240 3444
364 146 436 196 42
833 138 1099 193 Historia
1137 137 1529 192 Ecclesiastica
1802 146 1913 199 [Lm.
1933 150 1965 190 Ι.

364 291 568 352 quidem,
593 289 796 351 praeter
819 287 877 335 in
901 286 1079 350 paucis
1100 288 1151 334 et
1176 286 1329 334 ualde
1353 284 1531 349 paucis
1556 283 1665 332 ulla
1689 286 1966 345 appareret.

370 372 373 437 ξ
404 373 505 434 Qui
547 373 687 421 inter
729 371 830 420 alia
871 370 1302 419 inenarrabilium
1347 369 1599 417 scelerum
1642 368 1789 429 facta,
1836 384 1967 430 quae
1997 380 2023 416 f.
2048 391 2087 425 14
2107 380 2142 415 b.

363 454 674 505 historicus1
702 472 882 504 eorum
922 454 1110 503 Gildus
1145 453 1306 501 fiebili
1345 469 1585 501 sermone
1624 451 1884 512 describit,
1917 454 1969 500 et

364 540 461 588 hoc
497 539 769 600 addebant,
801 540 860 586 ut
897 553 1189 599 numquam
1226 536 1374 599 genti
1412 536 1679 584 Saxonum
1716 534 1827 582 siue
1863 535 1969 582 An·

363 624 586 686 glorum,
641 639 818 671 secum
866 620 1185 669 Brittaniam
1250 619 1515 681 incolenti,
1568 618 1792 667 uerbum
1845 617 1969 666 fidei

364 706 706 769 praedicando
756 704 1162 752 committerent.
1253 702 1355 752 Sed
1404 719 1513 750 non
1561 703 1741 749 tamen
1789 700 1970 749 diuina
2000 710 2240 748 Rom.xi.2.,

364 790 531 853 pietas
567 789 775 852 plebem
813 804 977 848 suam,
1022 802 1180 849 quam
1222 785 1513 848 praesciuit,
1557 784 1799 844 deseruit,
1843 784 1969 846 quin
2223 782 2228 785 ’

363 873 533 921 multo
568 871 828 934 digniores
865 871 1011 933 genti
1046 871 1365 917 memoratae
1400 884 1681 931 praecones
1714 867 1964 929 ueritatis,

363 973 456 1019 per
481 972 612 1018 quos
638 955 869 1003 crederet
885 952 916 1015 2,
951 953 1251 1002 destinauit.

959 1115 1113 1165 OAP.
1156 1114 1368 1164 XXIII.

369 1247 415 1281 Ut
435 1248 593 1282 amotus
606 1256 715 1290 papa
740 1245 943 1290 Greqorc'us
963 1244 1240 1289 Auyustmwn
1260 1253 1350 1279 cum
1370 1242 1572 1278 monachis
1591 1243 1643 1278 (cd
1655 1243 1971 1287 praedicandum

362 1313 465 1358 venti
483 1313 704 1359 Angylormn
726 1312 891 1360 mittens,
915 1311 1081 1356 epistula
1100 1321 1244 1355 quoque
1264 1310 1347 1345 illos·
1367 1310 1633 1354 exhortatoria,
1655 1319 1702 1344 ne
1722 1320 1747 1345 α
1766 1309 1973 1346 laborando

913 1379 1114 1426 cessarent,
1137 1376 1422 1423 confortaverit.

435 1462 702 1520 SIQUIDEM
739 1478 878 1509 anno
904 1461 968 1509 ab
993 1460 1355 1508 incarnatione
1393 1458 1612 1508 Domini
1649 1458 1969 1507 DLXXXII

366 1545 650 1594 Mauricius
674 1545 738 1593 ab
763 1546 1006 1608 Augusto
1034 1543 1203 1591 LIIII
1229 1543 1513 1605 imperium
1547 1542 1839 1604 suscipiens
1865 1542 1971 1590 XX

368 1633 418 1679 et
445 1631 472 1678 I
500 1630 652 1679 annis
677 1629 863 1678 tenuit.
940 1628 1102 1677 Cuius
1135 1645 1274 1676 anno
1308 1627 1456 1690 regni
1484 1628 1537 1675 X
1562 1627 1857 1689 Gregorius,
1888 1626 1973 1674 uir

370 1715 603 1762 doctrina
623 1716 674 1761 et
700 1713 905 1761 actione
924 1713 1247 1774 praecipuus,
1279 1711 1648 1773 pontificatum
1674 1709 1971 1758 Romanae3

77 1813 262 1855 Gregory
369 1800 421 1845 et
451 1797 764 1860 apostolicae
798 1796 936 1844 sedis
962 1794 1180 1843 sortitus
1212 1794 1347 1842 rexit
1378 1811 1544 1842 annos
1570 1794 1730 1854 XIII,
1762 1810 1973 1841 menses

75 1862 199 1896 sends
217 1861 300 1895 Au·
368 1881 461 1943 VI,
494 1884 545 1928 et
576 1880 686 1928 dies
719 1880 783 1929 X.
863 1879 964 1940 Qui
1001 1878 1184 1927 diuino
1209 1878 1512 1926 admonitus
1544 1877 1801 1925 instinctu
1834 1893 1972 1925 anno

76 1911 244 1954 gustine
254 1909 338 1945 and

76 1962 338 2047 {fffilssffiffihe
370 1963 548 2012 XIIII
575 1963 811 2011 eiusdem
844 1961 1112 2025 principis,
1144 1962 1404 2010 aduentus
1437 1977 1562 2009 uero
1588 1960 1889 2022 Anglorum
1915 1959 1972 2007 in

79 2061 269 2106 English,
370 2047 727 2096 Brittanniam
765 2063 905 2094 anno
943 2046 1144 2093 circiter
1181 2046 1280 2107 CL,
1312 2045 1459 2093 misit
1495 2061 1708 2093 seruum
1738 2043 1837 2092 Dei
1869 2044 1974 2092 Au-

77 2124 162 2147 A.1).
184 2113 262 2157 59⁶¹
369 2130 645 2193 gustinum
682 2132 734 2178 et
770 2129 899 2177 alios
936 2130 1113 2193 plures
1151 2146 1271 2177 cum
1308 2145 1381 2176 eo·
1403 2127 1689 2175 monachos
1723 2127 1975 2174 timentes

369 2214 662 2262 Dominum
710 2212 1007 2275 praedicare
1055 2213 1277 2261 uerbum
1326 2211 1425 2260 Dei
1472 2209 1617 2280 genti
1656 2210 1970 2272 Anglorum.

371 2297 472 2358 Qui
514 2314 634 2345 cum
675 2296 831 2344 iussis
868 2296 1261 2358 pontificalibus
1311 2295 1731 2357 obtemperantes
1779 2309 1971 2340 memo-

370 2383 542 2429 ratum
574 2397 704 2443 opus
736 2380 949 2442 adgredi
977 2379 1281 2442 coepissent,
1314 2378 1559 2440 iamque⁴
1585 2376 1973 2439 aliquantulum

371 2463 578 2512 itineris
611 2462 969 2524 confecissent,
999 2462 1225 2525 perculsi
1255 2462 1445 2510 timore
1481 2460 1653 2522 inerti,
1684 2459 1853 2508 redire
1889 2459 1973 2507 do·

80 2554 192 2611 'lJlJey
210 2555 312 2588 turn
372 2565 521 2596 mum
557 2548 747 2610 potius,
791 2563 949 2609 quam
991 2546 1278 2607 barbaram,
1322 2545 1500 2606 feram,
1546 2543 1975 2605 incredulamque

80 2606 263 2689 ifflsslfffed„
372 2632 597 2693 gentem,
630 2629 776 2677 cuius
810 2646 876 2676 ne
909 2628 1144 2691 linguam
1171 2629 1384 2691 quidem
1417 2628 1649 2687 nossent,
1680 2626 1820 2673 adire
1846 2625 1975 2687 cogi-

372 2715 568 2775 tabant,
601 2715 652 2761 et
688 2713 787 2761 hoc
820 2729 931 2761 esse
965 2712 1132 2760 tutius
1166 2710 1469 2759 communi5
1495 2708 1712 2758 consilio
1738 2709 1973 2756 decerne-

372 2798 512 2846 bant.
592 2797 699 2844 Nec
734 2813 896 2857 mora,
937 2795 1316 2857 Augustinum,
1361 2810 1518 2856 quem
1555 2793 1629 2840 eis
1672 2792 1972 2855 episcopum

376 2881 743 2941 ordinandum,
784 2880 828 2928 si
864 2880 928 2928 ab
966 2879 1157 2942 Anglis
1195 2878 1595 2939 susciperentur,
1628 2876 1966 2937 disposuerat,

377 2966 594 3012 domum
620 2963 910 3024 remittunt,
941 2963 1031 3026 qui
1056 2979 1085 3010 a
1108 2962 1257 3010 beato
1284 2959 1530 3023 Gregorio
1564 2958 1757 3007 humili
1781 2957 1971 3020 suppli-

376 3050 491 3095 catu
534 3047 806 3108 obtincret,
850 3063 915 3094 ne
951 3048 1059 3094 tam
1096 3044 1455 3108 periculosam,
1496 3045 1604 3091 tam
1645 3041 1970 3102 laboriosam,

433 3166 443 3187 ¹
478 3167 560 3204 -cis
574 3164 648 3204 M¹.
790 3164 804 3186 ‘³
835 3168 958 3205 —rent
972 3165 1022 3204 B.
1179 3164 1193 3187 3
1223 3175 1374 3202 romae
1396 3161 1470 3203 M1.
1632 3160 1645 3183 4
1676 3162 1828 3211 itaque
1850 3161 1895 3201 O.
1920 3161 1974 3200 D.

379 3230 393 3252 ⁵
424 3232 628 3270 omnium
652 3231 704 3271 N.
