2240 3444
93 1108 273 1143 Ceolfrid

90 1159 258 1193 reaches

91 1208 211 1243 Gaul.

86 2300 182 2335 Dies
200 2302 245 2335 at

86 2350 284 2395 Langres,

87 2401 197 2444 Sept.
223 2414 239 2435 2
243 2411 274 2444 5,

87 2453 160 2493 716.

380 134 489 184 400
880 128 1145 182 Historia
1184 126 1474 181 Abbatum

379 281 528 346 nuper
541 293 602 334 ad
622 293 1004 335 conuersationem
1025 291 1149 333 uitae
1171 289 1366 333 caelestis
1387 287 1568 337 accitus,
1584 286 1749 328 ulti-ma
1765 288 1990 342 confectus

379 372 534 420 aetate,
579 373 618 408 et
654 380 798 423 prope
845 368 940 409 iam
986 367 1246 416 moriturus,
1296 376 1458 405 rursus
1499 362 1662 416 incipit
1694 363 1988 416 peregrinari

372 451 460 492 pro
507 439 695 489 Chrw‘sto,
741 451 823 492 quo
867 438 1054 479 liberius
1086 437 1244 491 prisca
1285 433 1645 476 sollicitudinum
1681 433 1985 476 saecularium

378 512 555 566 spineta
584 513 760 554 camino
792 511 996 567 spiritali
1015 512 1207 565 feruens
1239 507 1582 563 conpunctionis
1613 507 1735 561 {quis
1763 506 1983 552 absumat.

379 585 552 628 Deinde
584 587 720 628 etiam
750 591 924 628 uestrae
954 585 957 640 Ι
978 580 1280 640 paternitatil
1313 582 1636 637 supplicamus,
1671 586 1722 623 ut
1753 583 1871 637 quod
1902 596 1984 625 ηας
2012 589 2041 626 f.
2065 601 2104 634 3¹
2125 602 2161 627 a.

368 660 524 714 facere
566 674 657 702 non>
690 661 950 710 merninms,
985 673 1065 701 ‘uos
1101 672 1204 712 crya
1241 657 1367 698 illum
1400 656 1589 697 ultimae
1612 656 1802 710 pietatis
1836 657 1985 699 seduli

380 731 580 776 munus2
621 735 868 790 expleatis;
905 747 992 789 pro
1035 738 1148 775 certo
1190 732 1375 773 scientes
1407 731 1511 785 quia
1548 735 1588 772 ct
1628 731 1669 772 si
1710 744 1792 773 uos
1824 744 1987 786 corpus

381 808 551 851 habetis
574 809 734 864 ipsius,
757 813 795 851 et
818 822 899 850 7203
921 813 1070 849 tamen
1103 811 1142 848 et
1173 819 1255 848 uos
1288 805 1380 847 Deo
1403 806 1615 847 deuotum
1637 806 1732 847 eius
1753 806 1983 860 spiritum,

379 884 476 925 siue
512 885 563 925 in
600 897 777 938 corpore
810 887 1073 932 manentem,
1109 895 1184 922 seu
1221 881 1444 935 corporcis
1474 880 1677 922 ‘uinculis
1717 881 1984 934 absolutum,

381 972 595 1012 mannum
640 971 739 1012 pro¹
775 958 940 999 nostris
989 952 1265 998 excessibusss
1318 956 1447 1009 apud
1487 969 1734 1010 supernam
1767 957 1987 1010 pietatem

378 1032 701 1074 intercessorem
726 1032 937 1073 habemus
958 1035 998 1072 et
1011 1035 1263 1085 patronum
1280 1026 1326 1070 4.'

440 1118 509 1160 31.
544 1104 791 1148 Profectus
814 1105 884 1147 est
908 1106 1069 1147 autem
1086 1101 1356 1146 Ceolfridus
1372 1116 1400 1145 a
1418 1116 1502 1146 suo
1521 1101 1811 1147 monasterio
1830 1102 1984 1160 pridie
2017 1106 2139 1167 1³33&-

378 1194 527 1223 nonas
546 1178 720 1231 Iunias,
742 1177 911 1234 quinta
929 1176 1126 1230 sabbati,
1147 1178 1461 1221 descensurus
1478 1177 1529 1220 in
1551 1193 1679 1223 mare
1702 1194 1788 1235 per
1810 1178 1986 1224 ostium
2017 1156 2063 1203 ἑὲ
2084 1168 2205 1200 2Ῑ’23“

381 1253 582 1297 Humbri
618 1252 838 1307 fluminis,
875 1255 1046 1309 quarta
1079 1267 1228 1296 nonas
1261 1251 1422 1307 Iulias,
1458 1252 1534 1297 die
1575 1253 1773 1306 sabbati,
1809 1270 1985 1300 nauem

380 1328 609 1379 ascendit,
635 1343 753 1384 quae
778 1326 1055 1384 priusquam
1086 1326 1325 1371 Gallicum
1354 1326 1467 1371 litus
1494 1330 1732 1385 tangeret,
1752 1328 1905 1374 tribus
1934 1329 1987 1374 in

377 1401 634 1459 prouinciis
663 1403 712 1445 in
744 1405 922 1447 terram
953 1402 1153 1458 adpulsa
1187 1404 1273 1456 est,
1307 1400 1358 1444 in
1391 1401 1562 1458 quibus
1595 1401 1793 1460 singulis
1826 1403 1929 1461 ipse
1958 1419 1986 1449 a

381 1477 562 1522 cunctis
599 1476 855 1522 honorifice
900 1479 1163 1534 susceptus,
1199 1479 1246 1521 et
1280 1476 1627 1522 ueneratione⁵
1664 1477 1858 1523 habitus
1896 1483 1982 1533 est,

380 1552 491 1608 quia
540 1551 746 1610 gratiam
798 1551 993 1608 antique
1037 1551 1349 1608 perfectionis
1392 1550 1747 1609 inconparabili
1789 1552 1984 1599 uirtutis

378 1627 596 1685 exemplo
620 1642 948 1672 consummare
972 1625 1237 1671 decreuerit
1253 1625 1282 1671 ⁶.
1399 1614 1405 1623 λ

438 1716 505 1759 32.
540 1701 683 1755 Adiit,
716 1716 909 1746 emensa
950 1701 1275 1759 nauigatione,
1312 1700 1497 1747 Galliae
1531 1704 1680 1747 terras
1718 1702 1873 1760 pridie
1914 1703 1977 1749 id.
2008 1713 2063 1749 ib.

377 1777 494 1834 Aug.
528 1777 670 1819 HHta
717 1776 915 1832 sabbati,
949 1777 1030 1821 sed
1068 1779 1115 1821 et
1154 1775 1250 1820 illis
1292 1775 1342 1820 in
1383 1775 1600 1833 partibus
1635 1777 1890 1835 magnifice
1924 1779 1983 1824 ab

379 1851 625 1905 uniuersis,
646 1851 851 1898 maxime
875 1852 934 1896 ab
956 1851 1058 1909 ipso
1081 1867 1190 1909 rege
1210 1850 1452 1908 Hilperico
1466 1850 1482 1875 ⁷
1504 1851 1769 1897 honoratus
1791 1856 1874 1907 est,
1900 1852 1984 1910 qui

380 1926 592 1984 exceptis
623 1927 759 1972 donis
792 1943 912 1983 quae
947 1926 1137 1982 obtulit,
1173 1926 1321 1970 etiam
1350 1925 1576 1983 epistolas
1604 1925 1678 1969 illi
1704 1943 1790 1984 per
1821 1943 1982 1973 omnes

378 2001 515 2058 regni
532 2002 545 2022 '²
570 2002 639 2046 sui
664 2002 934 2059 prouincias
964 2002 1112 2056 dedit,
1137 2005 1189 2046 ut
1211 2002 1263 2045 in
1295 2016 1412 2058 pace
1441 2002 1760 2058 susciperetur
1789 2003 1979 2060 ubique,

379 2090 529 2131 neque
554 2075 598 2121 ei
625 2076 862 2134 quispiam
890 2076 1193 2133 dispendium
1220 2076 1408 2121 itineris
1442 2077 1602 2122 facere
1636 2081 1979 2134 praesumeret.

378 2150 578 2208 Insuper
600 2155 646 2197 et
671 2152 1083 2209 Longobardorum
1107 2152 1210 2208 regi
1233 2152 1539 2196 Liudbrando
1559 2152 1575 2176 9
1594 2151 1732 2196 illum
1754 2169 1849 2198 una
1872 2169 1978 2198 cum

375 2225 467 2268 suis
492 2226 709 2271 omnibus
731 2226 936 2284 benigne
962 2226 1249 2272 exibendum
1279 2227 1646 2272 commendauit.
1697 2228 1701 2282 ξ
1734 2228 1979 2274 Peruenit
2008 2239 2036 2277 f.
2058 2253 2094 2285 31
2116 2241 2152 2279 b.

373 2303 532 2344 autem
557 2300 795 2358 Lingonas
819 2301 1203 2359 Burgundiorum
1227 2301 1477 2347 ciuitatem
1500 2302 1577 2347 die
1596 2303 1800 2360 septimo
1814 2303 1978 2349 kalen-

373 2374 537 2417 darum
563 2374 854 2430 Octobrium,
881 2379 1013 2421 sexta
1038 2376 1236 2429 sabbati,
1261 2377 1343 2421 ubi
1366 2379 1526 2422 aetate
1549 2377 1734 2434 pariter
1754 2378 1902 2436 longa
1928 2381 1978 2424 et

373 2448 671 2504 aegritudine
712 2449 930 2506 lassatus,
974 2451 1129 2502 immo,
1173 2452 1435 2496 secundum
1477 2453 1603 2509 quod
1645 2453 1778 2509 loqui
1821 2453 1979 2498 solent

375 2523 652 2579 scripturae,
688 2524 916 2569 deficiens
959 2525 1008 2569 in
1052 2529 1295 2571 senectute
1337 2527 1475 2580 bona,
1513 2527 1759 2584 adpositus
1801 2530 1873 2573 est
1915 2528 1975 2573 ad
2008 2544 2111 2580 Gen.
2130 2556 2210 2581 xxv

374 2600 533 2652 patres
576 2613 693 2642 suos.
771 2598 887 2644 Erat
931 2599 1059 2644 enim
1102 2599 1414 2658 septuaginta
1458 2604 1506 2646 et
1544 2602 1686 2645 HIIor
1724 2617 1974 2657 annorum,
2007 2597 2040 2631 8.

374 2672 656 2728 presbyterii
677 2674 826 2731 gradu
856 2674 1044 2719 functus
1074 2676 1209 2720 annis
1238 2676 1557 2735 quadraginta
1577 2677 1763 2734 VIItem,
1788 2678 1976 2723 abbatis

373 2744 529 2788 locum
552 2762 638 2803 per
660 2762 707 2792 se
729 2763 897 2806 regens
919 2748 1056 2794 annis
1078 2750 1264 2794 XXXV.

435 2833 502 2875 33.
536 2820 750 2877 Reliquit
803 2825 963 2868 autem
1015 2823 1065 2867 in
1113 2825 1413 2870 monasteriis
1462 2825 1708 2871 cohortem
1761 2825 1972 2872 militum
2005 2834 2130 2870 Baed.

374 2892 546 2938 Christi
570 2910 765 2941 numero
788 2897 893 2954 plus
917 2913 1058 2954 quam
1082 2902 1413 2944 sexcentorum
1433 2916 1442 2952 ;
1474 2915 1614 2957 porro
1632 2903 1822 2954 terram,
1839 2901 1975 2946 iuxta
2005 2884 2052 2932 ἐξ
2066 2897 2186 2929 21-23·

431 3010 441 3030 ¹
473 3015 670 3052 uestram
690 3015 1012 3064 paternitatem
1034 3017 1067 3056 δ.
1228 3015 1243 3038 ²
1272 3029 1440 3056 munus
1461 3019 1606 3057 seduli
1628 3020 1661 3058 δ.
1804 3019 1819 3041 ³
1848 3032 1973 3060 exce—

375 3079 496 3116 sibus
518 3079 574 3118 H.
896 3081 910 3103 ‘¹
939 3086 1039 3121 Here
1061 3084 1081 3120 δ
1101 3086 1344 3130 interpolates
1354 3087 1465 3131 from
1487 3088 1588 3124 Becle
1608 3098 1649 3125 u.
1676 3098 1708 3125 s.
1731 3099 1778 3126 cc.
1807 3099 1936 3136 19—21
1959 3101 1968 3126 τ

374 3147 418 3182 et
440 3147 584 3183 cetera
607 3175 617 3185 .
640 3176 649 3185 .
673 3176 680 3183 .
705 3177 713 3185 .
737 3147 939 3197 sepultus
970 3151 1049 3195 est,
1075 3153 1163 3187 with
1186 3152 1391 3188 omissions
1421 3154 1519 3190 there
1549 3155 1671 3191 noted.
1803 3151 1818 3174 ⁵
1846 3154 1915 3192 -ni
1936 3153 1972 3193 δ.

374 3209 390 3232 ⁶
418 3212 505 3249 -rat
526 3211 558 3248 δ.
671 3208 686 3229 ⁷
716 3216 764 3250 So
785 3213 805 3249 δ
824 3226 833 3261 ;
865 3214 1096 3253 helwric0e
1118 3215 1178 3254 H.
1290 3215 1306 3239 ⁸
1335 3229 1486 3267 regem
1509 3217 1567 3257 H.
1680 3218 1695 3241 ⁹
1727 3218 1826 3258 lud·
1848 3219 1882 3259 δ.
