2175 3439
158 959 757 1004 DESIDERANTISSIMO
812 959 889 1004 ET
943 960 1488 1006 REUERENTISSIMO
1544 962 1722 1005 PATRI

237 1063 478 1115 ALBINO,
516 1062 724 1106 BAEDA
757 1063 1001 1107 CHRISTI
1036 1064 1328 1108 FAMULUS
1362 1064 1647 1109 SALUTEM

205 1208 642 1252 GRATANTISSIME
664 1207 848 1264 suscepi
870 1208 1151 1252 munuscula
1172 1211 1283 1252 tuae
1309 1208 1590 1261 dilectionis,
1617 1225 1737 1265 quae

144 1297 228 1338 per
250 1282 572 1327 uenerabilem
597 1282 790 1326 fratrem
822 1284 1039 1325 nostrum
1070 1282 1377 1326 Nothelmum
1408 1284 1737 1339 presbyterum

143 1356 337 1400 mittere
381 1355 606 1412 dignatus
645 1370 706 1406 eS‚
745 1358 793 1399 et
831 1355 1039 1400 maxime
1075 1355 1273 1407 litteras,
1312 1356 1480 1412 quibus
1523 1372 1597 1401 me
1640 1357 1733 1401 iam

143 1430 349 1474 secunda
390 1429 494 1473 uice
540 1428 591 1472 in
635 1428 956 1474 ecclesiastica
999 1430 1155 1487 gentis
1202 1433 1392 1474 nostrae
1429 1430 1641 1483 historia,
1679 1432 1738 1474 ad

143 1518 282 1559 quam
297 1518 371 1548 me
387 1502 681 1547 scribendam
697 1502 974 1546 iamdudum
989 1502 1316 1560 instigaueras⁹
1335 1505 1497 1549 creber
1514 1504 1738 1548 adiuuare

142 1580 284 1632 atque
302 1577 551 1622 instituere
570 1578 758 1620 curasti.
814 1577 1013 1632 Propter
1029 1578 1154 1632 quod
1178 1580 1227 1621 et
1249 1578 1345 1635 ipse
1367 1577 1457 1621 tibi
1480 1577 1739 1622 rectissime

143 1651 341 1695 eandem
381 1650 643 1703 historiam,
689 1665 798 1694 mox
841 1653 895 1693 ut
939 1665 1263 1695 consummare
1299 1652 1448 1707 potui,
1489 1652 1548 1695 ad
1583 1655 1737 1695 trans-

142 1724 444 1769 scribendum
468 1724 641 1770 remisi.
698 1725 788 1769 Sed
812 1727 860 1769 et
883 1724 1025 1777 aliud,
1052 1725 1175 1780 quod
1198 1728 1245 1769 te
1268 1726 1445 1781 partim
1470 1725 1736 1770 desiderare

143 1798 366 1855 comperi,
390 1799 616 1842 uolumen
639 1798 728 1842 tibi
750 1798 856 1843 uice
884 1798 1283 1843 remunerationis
1315 1814 1463 1855 aeque
1497 1800 1557 1843 ad
1588 1802 1740 1842 trans-

142 1873 443 1917 scribendum
487 1871 738 1923 destinam,
785 1871 1013 1917 uidelicet
1055 1872 1190 1924 illud,
1230 1872 1357 1927 quod
1400 1872 1457 1916 de
1501 1875 1739 1916 structura

141 1946 308 2002 templi
336 1945 598 1990 Salomonis
619 1948 762 2001 atque
778 1945 1035 2003 allegorica
1050 1945 1149 1990 eius
1162 1945 1567 2002 interpretatione
1588 1961 1739 2003 nuper

141 2020 281 2065 edidi.
344 2020 514 2075 Teque⁷
551 2019 875 2064 amantissime
908 2022 1059 2076 pater,
1096 2020 1295 2076 supplex
1329 2020 1534 2073 obsecro,
1570 2023 1622 2064 ut
1655 2035 1738 2077 pro

142 2109 246 2138 mea
285 2093 551 2150 fragilitate
588 2109 693 2137 cum
731 2093 817 2143 his,
851 2093 927 2149 qui
973 2096 1133 2138 tecum
1170 2096 1293 2147 sunt,
1336 2093 1526 2137 famulis
1566 2093 1740 2138 Christi

141 2169 267 2224 apud
291 2167 421 2224 pium
445 2167 655 2212 Iudicem
687 2167 871 2212 sedulus
900 2167 1196 2212 intercedere
1228 2166 1530 2220 memineris;
1576 2168 1657 2212 sed
1691 2170 1738 2212 et

141 2257 229 2293 eos,
265 2241 325 2284 ad
354 2255 468 2296 quos
503 2241 669 2285 eadem
695 2245 858 2284 nostra
891 2241 1117 2297 opuscula
1149 2240 1404 2297 peruenire
1437 2240 1617 2291 feceris,
1648 2240 1737 2285 hoc

141 2315 267 2360 idem
291 2314 446 2358 facere
469 2313 721 2358 monueris.
786 2314 915 2358 Bene
949 2315 1072 2367 nale,
1109 2329 1294 2371 semper
1328 2313 1651 2358 amantissime
1687 2313 1736 2356 in

144 2387 330 2432 Christo
353 2391 492 2445 pater
513 2387 706 2444 optime.
