2240 3444
735 167 958 217 auctore
996 162 1308 232 Anonymo.
1698 165 1803 215 397

229 312 440 370 ipsorum
455 306 776 367 praepeditur.
819 305 1072 364 Egreditur
1085 305 1215 349 cum¹
1234 305 1463 349 turribulo
1482 305 1537 348 ad
1554 308 1647 348 orat
1659 304 1804 347 orium

232 384 364 432 beati
394 381 642 427 Laurentii
671 379 904 436 martyris,
928 380 1051 435 quod
1080 382 1150 423 est
1178 379 1258 422 in²
1293 379 1564 421 dormitorio
1600 380 1806 423 fratrum,

31 496 45 507 -.
65 466 175 505 xxvi.
238 461 499 516 sequuntur
522 459 570 501 et
594 455 684 512 ipsi
714 456 964 499 cantantes
987 452 1295 508 antiphonam
1319 453 1374 494 de
1407 452 1657 507 pmplwta:
1693 455 1702 472 ‘
1723 450 1809 494 Uia

47 594 57 604 ·
239 532 470 577 iustorum
488 532 618 575 recta
639 530 768 573 facta
790 529 872 578 est,
889 529 938 571 et
961 525 1053 570 iter
1074 528 1336 569 sanctorum
1360 528 1686 580 praeparatum
1713 524 1810 570 est!

36 614 151 653 xxiii.
173 616 208 650 8.
242 609 292 652 et
315 608 325 628 ‘
341 602 667 650 ambulantes3
690 603 747 646 de
772 601 952 644 uirtute
976 599 1025 642 in
1048 598 1300 647 uirtute1n,’
1326 597 1545 640 adium-to
1569 601 1615 638 et
1639 597 1813 651 psalmo

33 709 58 724 -.
78 685 178 721 lxvi.
241 677 531 737 sexagesimo
555 679 704 730 sexto,
741 675 889 719 ‘Deus
913 673 1193 717 misereatur
1214 670 1358 717 nobis.
1384 674 1426 714 et
1453 669 1694 711 bem-«licat
1726 685 1816 714 nos,

242 750 531 798 inluminet*
564 750 753 793 uultum
786 762 920 792 suum
952 761 1091 802 super
1128 759 1224 795 nos,
1269 746 1316 787 et
1359 743 1632 785 nima-vatur
1665 742 1820 784 nobis)

242 828 304 872 Et
345 826 415 870 ibi
445 825 638 870 incenso
670 824 810 868 thure
845 821 1018 871 exiens,
1051 833 1232 862 rursum
1264 816 1534 871 adloquitur
1563 830 1736 861 omnes,
1772 818 1821 856 nt

243 916 408 959 pacem
432 898 642 942 inuicem
665 898 867 942 seruent.
884 895 942 938 ab
967 893 1098 943 odiis,
1115 890 1503 942 detractionibus,
1523 891 1569 933 et
1593 887 1821 931 scandalis

245 976 460 1028 caueant,
501 973 756 1028 peccantes
804 982 1010 1025 quosque
1056 966 1191 1009 iuxta
1231 966 1538 1021 praeceptum
1586 961 1821 1015 euangelii

246 1046 423 1106 singuli
444 1045 664 1102 primum,
690 1043 860 1088 deinde
883 1041 984 1085 bini
1006 1040 1083 1085 uel
1106 1038 1228 1084 terni
1251 1038 1581 1092 adloquantur,
1603 1038 1742 1090 atque
1767 1034 1821 1076 ad

247 1121 376 1166 uiam
419 1118 641 1165 ueritatis
683 1130 904 1162 reuocare
947 1116 1178 1169 satagent.
1219 1114 1279 1165 et,
1315 1111 1351 1155 si
1387 1112 1565 1153 fructus
1607 1110 1826 1163 sequatur

250 1193 534 1240 industriam
551 1191 579 1245 ⁵,
613 1191 866 1250 gaudeant,
901 1189 971 1233 sin
1004 1188 1133 1238 alias,
1167 1186 1233 1230 sic
1270 1185 1462 1228 tandem
1495 1184 1553 1227 ad
1585 1181 1826 1239 publicum

252 1284 416 1316 eorum
439 1269 594 1312 errata
614 1265 869 1322 proferant,
895 1260 1195 1307 concordiam
1214 1259 1537 1312 unitatemque
1555 1269 1826 1311 germanam

253 1359 361 1389 cum
390 1341 625 1390 fratribus,
659 1338 741 1395 qui
774 1338 931 1382 essent
964 1336 1023 1380 ad
1060 1336 1273 1378 sanctum
1307 1331 1519 1383 Paulum,
1549 1328 1828 1373 custodiant,

255 1432 402 1462 unum
425 1418 729 1469 utrorumque
753 1408 1095 1455 monasterium
1119 1421 1216 1452 esse
1240 1403 1557 1449 meminerint.
1583 1402 1640 1445 ab
1665 1401 1826 1444 codem

257 1505 441 1548 semper
463 1490 635 1533 abbate
660 1486 934 1543 regendum,
957 1498 1015 1528 ne
1039 1485 1177 1538 rupto
1201 1478 1398 1523 interius
1415 1477 1600 1521 foedere
1619 1473 1833 1518 fraterni-

0 1563 1 1566 *
33 1589 100 1623 -29
117 1587 153 1611 a.
259 1564 408 1620 'tatis
444 1563 682 1620 pandatur
724 1558 898 1605 exteris
942 1557 1085 1600 ianua
1126 1553 1322 1598 nociuae
1359 1549 1656 1605 inruptionis,
1702 1547 1835 1589 iuxta

0 1630 3 1635 ’
261 1639 532 1695 exemplum
576 1636 792 1680 Hebreae
835 1631 1003 1690 plebis,
1049 1643 1179 1685 quae,
1222 1629 1275 1670 ut
1321 1640 1405 1682 per
1448 1622 1699 1667 stultitiam
1751 1620 1835 1663 filii

260 1710 527 1758 Salomonis
559 1711 726 1754 contra
757 1706 958 1763 seipsam
991 1701 1144 1747 diuisa
1176 1703 1258 1750 est,
1292 1711 1534 1753 nunquam
1577 1697 1774 1739 externa
1810 1707 1838 1735 a

264 1787 399 1833 clade
423 1784 608 1842 quieuit
622 1782 650 1828 ⁶.

32 1866 140 1929 poed-
326 1863 395 1905 26.
429 1858 677 1915 Completa
699 1852 999 1902 allocutione,
1019 1864 1173 1893 rursus
1187 1847 1435 1901 adsumpta
1453 1843 1715 1898 antiphona
1738 1855 1840 1884 cum

266 1935 446 1993 psalmo
481 1932 744 1977 memorato
787 1926 1095 1984 egrediuntur
1136 1922 1194 1966 ad
1228 1919 1436 1967 fluuium,
1480 1913 1704 1973 lugubre⁷
1744 1928 1843 1957 car-

267 2008 394 2053 mine
431 2010 616 2064 patrem
640 2005 805 2060 utpote
828 2001 924 2045 iam
947 1999 1243 2043 decessurum
1265 1993 1564 2044 deducentes,
1588 1989 1844 2042 itidemque

267 2081 469 2140 singulis
507 2079 718 2124 osculum
749 2074 881 2133 pacis
923 2074 1018 2127 dat,
1060 2070 1330 2124 intercepto
1368 2064 1521 2121 sepius
1553 2065 1694 2106 cantu
1737 2074 1846 2116 prae

268 2154 488 2206 lacrimis,
514 2156 562 2198 et
585 2152 713 2197 dicta
735 2150 785 2193 in
807 2149 947 2193 litore
972 2145 1197 2194 oratione,
1222 2138 1438 2185 ascendit
1468 2150 1648 2185 nauem,
1677 2132 1846 2177 residet

269 2231 321 2274 in
363 2243 505 2287 prora
523 2228 550 2280 ³,
587 2226 806 2272 sederunt
842 2222 977 2266 iuxta
999 2218 1281 2274 9diacones,
1324 2227 1441 2256 unus
1484 2224 1681 2257 crucem,
1714 2220 1849 2261 quam

272 2306 465 2356 fecerat,
487 2317 689 2348 auream.
713 2299 836 2344 alter
859 2293 1090 2341 caereas¹⁰
1112 2295 1278 2336 tenens
1300 2288 1530 2333 ardentes.

24 2396 82 2434 rib.
334 2392 403 2435 27.
437 2380 665 2423 Cui-rente
707 2377 837 2418 trans
877 2369 1073 2414 fluuium
1115 2364 1243 2415 naui,
1278 2362 1523 2418 aspectans
1561 2358 1722 2401 contra
1758 2368 1852 2396 me-

275 2457 433 2501 rentes
471 2468 551 2498 suo
590 2451 805 2495 abscessu
846 2446 1030 2496 fratres,
1073 2439 1358 2492 audiensque
1403 2447 1568 2477 sonum
1608 2427 1849 2471 sublimem

275 2527 418 2573 mixti
441 2541 546 2572 cum
569 2526 700 2568 luctu
727 2518 967 2569 carminis,
989 2515 1261 2559 nullatenus
1290 2507 1442 2552 ualuit
1469 2506 1566 2561 ipsc
1595 2518 1622 2546 a
1645 2500 1851 2554 singultu

278 2605 327 2648 et
370 2599 578 2645 lacrimis
619 2601 898 2652 temperare.
982 2589 1083 2632 Hoc
1133 2587 1291 2629 autem
1341 2580 1491 2624 solum
1537 2575 1698 2620 crebra
1741 2586 1852 2614 uoce

278 2674 500 2733 repetiit:
526 2670 750 2720 ‘Christe‚
775 2666 998 2711 miserere
1013 2661 1086 2705 illi
1109 2657 1292 2704 caetui!
1328 2652 1525 2698 Domine
1546 2647 1853 2703 omnipotens.

278 2752 473 2807 protege
497 2746 632 2790 illam
655 2743 897 2789 cohortem
918 2742 926 2783 l
963 2735 1066 2781 Scio
1096 2736 1252 2777 autem
1283 2725 1539 2773 certissime
1572 2721 1683 2778 quia
1706 2718 1857 2762 nullos

280 2836 504 2878 umquam
527 2818 745 2863 meliores
768 2813 866 2859 illis
889 2815 937 2858 et
963 2805 1272 2867 promptiores
1294 2801 1351 2846 ad
1387 2795 1705 2844 obedientiam
1731 2790 1856 2835 noui.

341 2974 353 2996 ¹
383 2972 549 3012 deinde
570 2983 672 3010 cum
692 2970 726 3008 δ.
919 2963 935 2986 ²
963 2961 1215 3014 proximum
1239 2957 1270 2994 δ.
1465 2948 1479 2970 ³
1510 2948 1639 2985 ibunt
1660 2942 1800 2982 sancti
1823 2942 1857 2980 δ.

287 3039 301 3063 ⁴
332 3052 406 3078 -ne
428 3038 486 3078 H.
646 3035 661 3058 ⁵
690 3033 929 3079 industria,
952 3032 1042 3067 with
1063 3025 1116 3064 de
1138 3023 1300 3061 inserted
1320 3019 1437 3064 before
1458 3017 1486 3052 it
1505 3016 1613 3050 abore
1630 3013 1685 3046 tlw
1704 3011 1780 3046 line
1802 3006 1860 3045 H.

286 3105 302 3127 ⁶
330 3108 378 3144 So
410 3106 430 3142 δ
454 3105 624 3151 rz'yhtly3
655 3109 889 3148 nunquam
908 3092 990 3134 *ad'
1011 3094 1195 3131 externa
1215 3081 1446 3134 adquieuit
1478 3078 1533 3122 H,
1557 3079 1644 3113 wilh
1674 3085 1856 3112 erasures,

286 3168 302 3192 ⁷
333 3171 390 3208 -ri
411 3171 445 3213 δ,
465 3180 514 3207 οη
532 3179 699 3206 erasure.
829 3164 840 3180 ·“
871 3165 919 3201 So
940 3159 998 3207 H,
1024 3159 1112 3195 wath
1131 3163 1284 3192 erasure
1305 3152 1457 3186 between
1478 3156 1500 3181 r
1518 3145 1599 3180 ancl
1618 3153 1642 3178 o
1662 3152 1671 3186 ;
1702 3138 1747 3177 in
1770 3137 1861 3174 loco

288 3236 437 3288 priore
458 3235 490 3274 δ.
601 3231 616 3254 ⁹
646 3231 771 3269 iuxta
789 3239 892 3267 eum
913 3227 946 3265 δ.
1058 3219 1088 3242 ¹⁰
1117 3229 1261 3258 cereos
1280 3216 1313 3252 δ.
