2240 3444
131 1179 319 1223 Baptism
339 1181 384 1213 of

132 1230 275 1264 Peasla.

427 106 531 157 170
878 108 943 160 H
943 108 1145 163 istoria
1181 110 1573 164 Ecclesiccsticco
1819 119 1929 172 [Lm.
1953 124 2028 164 ΙΙΙ.

422 251 535 299 eius
571 252 938 303 Alchfiedam1
976 256 1077 304 sibi
1117 258 1391 321 coniugem
1432 258 1555 307 dari.
1635 258 1817 320 Neque
1860 257 2024 319 aliter,

424 336 561 397 quod
602 337 825 399 petebat,
867 339 1131 402 inpetrare
1166 342 1352 404 potuit,
1396 342 1500 390 nisi
1536 342 1696 389 fidem
1735 341 1933 389 Christi
1972 357 2029 389 ac

422 417 684 480 baptisma
717 437 837 469 curn
873 425 1041 485 gente,
1074 424 1157 472 cui
1182 427 1432 487 praeerat,
1465 425 1716 487 acciperet
1733 425 1761 472 2.
1838 425 1914 472 At
1938 423 2030 471 ille

421 504 600 553 audita
646 507 1030 569 praedicatione
1089 510 1342 572 ueritatis,
1389 513 1440 559 et
1489 509 1836 572 promissione
1885 507 2032 571 regni

422 589 670 649 caelestis,
719 608 912 654 speque
950 594 1346 642 resurrectionis
1396 611 1453 641 ac
1497 594 1704 641 futurae
1746 591 2030 640 inmortali-

423 672 560 733 tatis,
592 674 819 722 libenter
845 692 898 724 se
925 676 1286 725 Christianum
1321 677 1435 725 fieri
1463 677 1601 725 uelle
1636 676 1903 724 confessus
1933 677 2025 736 est,

424 755 632 804 etiamsi
658 757 921 820 uirginem
947 776 1054 807 non
1081 760 1334 822 acciperet
1360 779 1371 822 3
1409 776 1686 823 persuasus
1713 759 1941 807 maxime
1966 758 2030 805 ad

422 840 811 902 percipiendam
846 842 1007 890 fidem
1044 860 1073 891 a
1110 843 1219 892 filio
1252 844 1389 908 regis
1424 844 1604 905 Osuiu,
1636 843 1851 891 nomine
1876 841 2033 889 Alch-

423 921 558 970 frido
579 926 598 984 ³,
624 925 713 986 qui
733 928 841 974 erat
859 929 1111 989 cognatus
1128 930 1179 975 et
1199 928 1399 975 amicus
1427 927 1553 988 eius,
1579 927 1778 975 habens
1798 941 2030 974 sororem

422 1005 587 1067 ipsius
604 1008 892 1072 coniugem,
915 1011 1169 1058 uocabulo
1188 1011 1587 1074 Cyniburgam4,
1610 1009 1775 1058 filiam
1786 1009 2032 1057 Pendan5

422 1089 571 1152 regis.

493 1173 797 1236 Baptizatus
823 1179 900 1224 est
926 1193 1046 1240 ergo
1072 1195 1101 1226 a
1127 1178 1328 1226 Finano
1354 1177 1592 1240 episcopo
1619 1194 1740 1225 cum
1766 1176 2027 1239 omnibus,

424 1255 514 1318 qui
539 1273 715 1306 secum
743 1262 1010 1321 uenerant,
1043 1261 1324 1309 comitibus
1349 1279 1406 1309 ac
1437 1261 1713 1322 militibus,
1745 1275 2031 1321 eorumque

422 1339 636 1388 famulis
662 1341 925 1391 uniuersis
945 1343 1003 1391 in
1029 1344 1146 1392 uico
1172 1345 1308 1408 regis
1333 1344 1560 1405 inlustri,
1588 1344 1679 1407 qui
1704 1346 1918 1392 uocatur
1942 1342 2029 1390 Ad

423 1423 650 1473 Murum.
700 1426 769 1474 Et
789 1427 1011 1489 acceptis
1038 1428 1162 1476 1111
1188 1428 1519 1491 presbyteris,
1541 1428 1632 1490 qui
1651 1427 1715 1476 ad
1743 1427 2031 1475 docendam

422 1507 894 1572 baptizandamque
941 1513 1155 1574 gentem
1204 1511 1348 1560 illius
1392 1514 1444 1559 et
1483 1510 1778 1559 eruditione
1828 1513 1880 1558 et
1924 1510 2033 1558 uita

422 1590 743 1640 uidebantur
785 1593 974 1655 idonei,
1028 1595 1200 1643 multo
1244 1612 1364 1643 cum
1414 1594 1603 1658 gaudio
1641 1610 1885 1642 reuersus
1933 1596 2025 1642 est.

423 1675 588 1724 Erant
625 1679 801 1725 autem
838 1679 1143 1742 presbyteri,
1177 1679 1365 1740 Ceddss,
1397 1682 1449 1727 et
1486 1679 1654 1740 Adda,
1698 1681 1749 1727 et
1786 1677 1944 1740 Betti,
1977 1680 2030 1726 et

424 1759 628 1821 Diuma,
662 1778 887 1823 quorum
925 1763 1150 1811 ultimus
1187 1763 1401 1811 natione
1440 1763 1664 1822 Scottus,
1698 1761 1854 1810 ceteri
1886 1762 2032 1810 fuere

424 1842 487 1890 de
519 1843 723 1905 Anglis.
801 1846 956 1894 Adda
992 1849 1170 1895 autem
1209 1849 1319 1896 erat
1344 1847 1504 1895 frater
1541 1847 1710 1895 Uttan
1741 1845 2033 1909 presbyteri

427 1926 429 1985 ξ
460 1926 714 1987 inlustris,
769 1930 820 1976 et
869 1929 1071 1978 abbatis
1121 1931 1439 1991 monasterii,
1494 1930 1632 1992 quod
1682 1932 1898 1977 uocatur
1945 1929 2031 1977 Ad

423 2010 615 2072 Caprae
665 2012 845 2074 Caput,
896 2014 1042 2061 cuius
1090 2030 1247 2076 supra
1293 2013 1653 2062 meminimus.
1742 2013 2034 2062 Uenientes

421 2110 541 2156 ergo
567 2094 624 2141 in
651 2095 980 2157 prouinciam
1007 2097 1289 2145 memorati
1314 2098 1607 2146 sacerdotes
1628 2114 1748 2145 cum
1774 2097 2024 2160 principe,

421 2178 787 2240 praedicabant
814 2180 1049 2240 uerbum,
1077 2183 1128 2228 et
1154 2181 1381 2229 libenter
1406 2180 1572 2230 auditi
1598 2183 1736 2242 sunt,
1768 2180 2030 2242 multique

423 2261 626 2321 cotidie,
683 2264 733 2309 et
782 2263 1055 2324 nobilium,
1111 2267 1162 2312 et
1223 2264 1560 2313 infirmorum
1577 2265 1608 2324 ⁷,
1663 2263 2032 2313 abrenuntiata

422 2346 572 2394 sorde
609 2346 890 2407 idolatriae,
934 2347 1058 2396 fidei
1096 2350 1220 2396 sunt
1257 2348 1402 2396 fonte
1440 2348 1622 2397 abluti.

492 2429 600 2477 Nec
637 2430 909 2492 prohibuit
948 2432 1128 2479 Penda
1164 2448 1270 2492 rex,
1315 2432 1444 2494 quin
1484 2432 1642 2480 etiam
1683 2431 1740 2479 in
1784 2448 1889 2493 sua,
1934 2432 2032 2480 hoc

423 2516 502 2561 est
539 2513 869 2571 Merciorum‚
902 2514 1113 2562 natione
1152 2515 1387 2576 uerbum,
1420 2515 1557 2578 siqui
1595 2516 1797 2564 uellent
1834 2515 2024 2576 audire,

422 2597 819 2659 praedicaretur.
871 2598 1010 2658 Quin
1035 2598 1212 2660 potius
1238 2599 1356 2646 odio
1382 2599 1620 2655 habebat,
1645 2602 1696 2647 et
1723 2599 2030 2661 dispiciebat

424 2698 524 2742 eos,
569 2698 700 2744 quos
737 2682 839 2730 fide
878 2682 1074 2730 Christi
1107 2682 1321 2731 inbutos
1351 2700 1504 2745 opera
1536 2683 1658 2730 fidei
1696 2700 1803 2731 non
1841 2684 2030 2731 habere

424 2766 779 2827 deprehendit,
812 2766 989 2814 dicens
1015 2767 1427 2814 contemnendos
1455 2783 1567 2814 esse
1603 2783 1689 2815 eos
1714 2770 1765 2814 et
1790 2767 2023 2827 miseros,

425 2850 514 2911 qui
532 2850 641 2897 Deo
662 2867 768 2910 suo,
792 2850 849 2898 in
866 2866 1022 2912 quem
1041 2850 1323 2910 crederent,
1347 2850 1589 2898 oboedire
1610 2852 2023 2898 contemnerent.

425 2934 618 2996 Coepta
643 2936 768 2982 sunt
794 2934 920 2982 haec
946 2933 1160 2982 biennio
1193 2936 1315 2982 ante
1339 2936 1568 2981 mortem
1595 2935 1815 2982 Pendan
1831 2934 1847 2958 '³
1872 2932 2022 2996 regis.

425 3016 548 3079 Ipso
574 3020 752 3065 autem
779 3018 956 3080 occiso,
990 3035 1111 3066 cum
1138 3017 1303 3066 Osuiu
1333 3034 1423 3065 rex
1450 3018 1781 3067 Christianus
1807 3033 2028 3079 regnum

480 3138 491 3159 ¹
523 3140 766 3179 alhfieclam
790 3141 837 3180 C.
951 3141 966 3163 2
996 3140 1217 3190 acceperit
1238 3139 1297 3179 M.
1412 3138 1425 3159 ³
1456 3140 1654 3178 alhfrido
1677 3140 1725 3179 C.
1865 3139 1876 3161 ⁴
1911 3152 2030 3189 cym-

425 3207 610 3256 burgain
634 3208 688 3247 N.
766 3206 780 3228 ⁵
801 3207 999 3257 pendam
1022 3207 1072 3246 N.
1160 3204 1173 3226 ⁶
1204 3206 1283 3244 ced
1306 3206 1353 3246 C.
1437 3205 1451 3227 ⁷
1484 3206 1745 3245 infimorum
1768 3207 1844 3256 HL.
1867 3207 1930 3255 Rss.
1950 3206 2032 3255 015.

2062 1940 2089 1975 f.
2110 1950 2154 1985 59
2176 1940 2213 1974 b.
