2240 3444
374 121 481 172 254
827 117 893 170 H
896 117 1095 171 istoria
1136 117 1527 171 Ecclesiastica
1770 126 1882 178 [Lm.
1907 128 1963 167 1V
1969 157 1980 169 .

442 268 576 316 Cum
616 284 736 330 ergo
773 267 974 330 aliquot
1012 283 1179 316 annos
1216 267 1339 315 huic
1377 265 1694 315 monasterio
1729 266 1981 329 regularis

373 352 512 401 uitae
559 352 881 400 institutioni
923 351 1156 399 multum
1193 350 1403 399 intenta
1449 352 1721 413 praeesset,
1761 349 1982 412 contigit

375 452 490 484 eam
530 436 789 498 suscipere
831 435 988 483 etiam
1026 435 1439 483 construendum
1477 434 1588 482 siue
1627 433 1981 482 ordinandum

375 520 756 568 monasterium
781 519 837 567 in
862 519 988 579 loco,
1015 519 1105 582 qui
1131 520 1347 566 uocatur
1373 517 1773 566 Streaneshalch
1790 515 1818 578 ¹,
1843 517 1981 579 quod

374 620 504 665 opus
562 603 661 651 sibi
710 603 1010 650 iniunctum
1058 619 1166 650 non
1216 602 1448 665 segniter
1506 601 1747 663 inpleuit.
1844 599 1998 648 Nam*

374 686 587 748 eisdem,
633 686 824 749 quibus
868 686 1012 748 prius
1060 686 1454 746 monasterium,
1500 685 1660 733 etiam
1701 685 1798 732 hoc
1837 684 1981 732 disci-

373 770 534 833 plinis
575 772 716 818 uitae
760 769 1013 832 regularis
1060 769 1328 829 instituit;
1367 772 1417 817 et
1460 769 1673 831 quidem
1718 767 1981 817 multam2

372 854 448 902 ibi
491 871 698 917 quoque
735 853 979 914 iustitiae,
1032 853 1254 916 pietatis,
1299 856 1349 902 et
1398 851 1749 912 castimoniae,
1800 854 1981 900 cetera-

370 955 595 1001 rumque
636 938 912 998 uirtutum,
945 938 1035 985 sed
1075 937 1305 985 maxime
1340 937 1482 1000 pacis
1519 939 1571 985 et
1608 936 1837 985 caritatis
1874 952 1982 984 cus-

370 1022 569 1070 todiam
590 1021 765 1069 docuit
788 1039 798 1082 ;
836 1020 909 1069 ita
927 1022 988 1069 ut
1012 1021 1068 1068 in
1088 1021 1391 1084 exemplum
1411 1020 1710 1084 primitiuae
1736 1020 1980 1069 ecclesiae

372 1106 554 1153 nullus
595 1105 670 1152 ibi
706 1105 866 1166 diues,
909 1104 1089 1152 nullus
1126 1107 1260 1153 esset
1300 1122 1471 1168 egens,
1513 1103 1760 1152 omnibus
1802 1106 1979 1152 essent
2008 1107 2100 1143 Aot.
2122 1108 2174 1145 iv.

372 1189 550 1237 omnia
575 1188 886 1248 communia,
918 1204 1039 1235 cum
1065 1188 1202 1236 nihil
1235 1188 1543 1250 cuiusquam
1577 1204 1688 1235 esse
1713 1186 1981 1235 uideretur
2010 1159 2240 1254 {vig—3431:

372 1273 660 1336 proprium.
739 1272 937 1320 Tantae
992 1273 1170 1320 autem
1225 1274 1334 1320 erat
1381 1271 1494 1334 ipsa
1539 1271 1865 1334 prudentiae,
1920 1273 1981 1319 ut

373 1373 481 1404 non
525 1356 696 1404 solum
740 1355 1029 1404 mediocres
1072 1355 1266 1418 quique
1308 1355 1366 1403 in
1410 1355 1811 1404 necessitatibus
1854 1355 1975 1416 suis,

373 1440 464 1488 sed
514 1439 677 1488 etiam
730 1455 878 1501 reges
931 1456 988 1486 ac
1041 1439 1303 1502 principes
1357 1456 1762 1501 nonnumquam
1809 1439 1874 1487 ab
1923 1455 1982 1486 ea

371 1523 653 1572 consilium
709 1524 1031 1585 quaererent,
1087 1525 1139 1571 et
1199 1522 1517 1572 inuenirent.
1595 1523 1828 1571 Tantum
1887 1522 1980 1570 lec-

371 1607 506 1656 tioni
556 1606 857 1655 diuinarum
905 1606 1283 1669 scripturarum
1331 1623 1454 1655 suos
1496 1624 1679 1655 uacare
1721 1607 1974 1668 subditos,

370 1693 587 1743 tantum
610 1689 854 1753 operibus
878 1689 1113 1739 iustitiae
1144 1707 1198 1739 se
1232 1708 1468 1739 exercere
1494 1691 1726 1752 faciebat,
1760 1693 1818 1739 ut
1843 1690 1982 1739 facil-

370 1774 497 1823 lime
522 1775 830 1823 uiderentur
863 1775 1075 1836 ibidem,
1116 1775 1207 1838 qui
1224 1775 1241 1801 3
1268 1775 1675 1823 ecclesiasticum
1696 1775 1712 1799 ⁴
1738 1775 1974 1838 gradum,

370 1858 468 1907 hoc
508 1861 588 1907 est
623 1859 803 1907 altaris
842 1859 1084 1921 officium,
1124 1861 1244 1923 apte
1282 1859 1533 1920 subirent,
1572 1858 1790 1921 plurimi
1828 1874 1980 1920 posse

370 1942 636 2005 repperiri.

78 2040 256 2075 Famous
438 2026 680 2089 Denique
716 2026 766 2074 V
802 2043 866 2074 ex
913 2026 1097 2075 eodem
1133 2026 1452 2075 monasterio
1488 2028 1666 2089 postea
1714 2025 1981 2088 episcopos

79 2102 285 2177 {ffissated
369 2109 618 2171 uidimus,
650 2112 702 2157 et
727 2110 823 2158 hos
856 2126 1042 2158 omnes
1076 2110 1356 2173 singularis
1393 2110 1570 2158 meriti
1598 2127 1655 2158 ac
1685 2109 1979 2158 sanctitatis

79 2193 214 2228 under
231 2193 317 2229 her.
369 2193 523 2254 uiros,
556 2210 779 2256 quorum
814 2193 942 2241 haec
976 2196 1102 2242 sunt
1136 2194 1365 2256 nomina,
1398 2196 1549 2255 Bosa,
1580 2195 1751 2255 Aetla‚
1785 2194 1971 2254 Oftfor,

370 2277 650 2337 Iohannes,
682 2279 734 2325 et
760 2277 972 2325 Uilfrid.
1050 2277 1129 2325 De
1161 2278 1333 2340 primo
1364 2295 1520 2340 supra
1554 2278 1796 2337 diximus,
1838 2278 1974 2340 quod

369 2361 621 2409 Eboraci⁵
655 2360 814 2408 fuerit
840 2363 1170 2409 consecratus
1204 2362 1462 2422 antistes3
1501 2362 1565 2410 de
1599 2362 1828 2410 secundo
1865 2361 1975 2409 bre·

368 2446 505 2494 uiter
529 2445 900 2505 intimandum,
923 2445 1061 2507 quod
1087 2445 1142 2492 in
1169 2445 1523 2508 episcopatum
1546 2446 1940 2495 Dorciccaestrae
1961 2446 1977 2472 ⁶

369 2530 526 2577 fuerit
586 2528 892 2589 ordinatus;
954 2528 1017 2576 de
1078 2528 1283 2577 ultimis
1339 2529 1477 2577 infra
1538 2529 1822 2579 dicendum
1877 2532 1968 2592 est,

372 2610 376 2677 Ι
398 2613 536 2675 quod
557 2629 739 2661 eorum
759 2612 963 2675 primus
989 2612 1433 2675 Hagustaldensis
1453 2614 1482 2674 ⁷,
1511 2614 1770 2662 secundus
1788 2614 1975 2663 Ebora·
2004 2625 2030 2662 f.
2053 2628 2100 2672 89
2118 2626 2156 2662 b.

367 2696 572 2744 censis5
619 2695 862 2744 ecclesiae
902 2696 971 2744 sit
1009 2696 1278 2744 ordinatus
1322 2697 1610 2760 episcopus.
1685 2698 1762 2746 De
1802 2698 1974 2746 medio

366 2796 508 2827 nunc
552 2779 800 2840 dicamus,
847 2779 981 2842 quia,
1033 2796 1153 2827 cum
1179 2779 1235 2827 in
1285 2782 1505 2843 utroque
1551 2781 1777 2830 Hildae8
1825 2782 1975 2830 abba-

365 2863 520 2911 tissae
546 2863 861 2911 monasterio
895 2862 1110 2911 lectioni
1139 2865 1190 2911 et
1217 2863 1571 2912 obseruationi
1596 2865 1969 2927 scripturarum

365 2963 575 3009 operam
610 2946 853 3007 dedisset,
885 2947 1100 2994 tandem
1137 2946 1443 3009 perfectiora
1477 2948 1789 3010 desiderans,
1822 2949 1970 2997 uenit

420 3082 431 3104 ¹
462 3083 591 3121 -halh
615 3082 647 3121 C
670 3096 678 3131 ;
710 3083 1078 3122 streanaeshalch
1100 3083 1152 3122 Β.
1176 3082 1228 3121 Ν.
1355 3081 1369 3103 2
1399 3084 1546 3122 multa
1567 3085 1616 3123 B.
1698 3084 1712 3106 ³
1742 3085 1820 3131 qui
1842 3087 1886 3123 et
1908 3085 1967 3126 M.

362 3148 377 3169 4
404 3149 688 3188 ecclesticum
706 3149 765 3189 M.
969 3148 984 3171 ⁵
1013 3151 1141 3189 ebur·
1164 3150 1210 3188 C.
1233 3150 1287 3188 N.
1503 3149 1517 3171 ⁶
1547 3152 1707 3204 -cestre
1729 3151 1761 3190 G
1784 3164 1794 3200 ;
1826 3151 1966 3190 dorci-

362 3217 519 3270 0010511·εὲΔ
542 3215 597 3255 N.
782 3214 796 3237 ⁷
827 3227 898 3265 ag·
920 3215 975 3255 N.
1157 3214 1171 3236 ⁸
1201 3215 1376 3254 hildixe
1398 3216 1452 3255 N.
