2240 3444
379 124 452 174 44
490 125 492 127 ’
848 122 1113 177 Historia
1152 122 1548 176 Ecclesiastica
1819 130 1929 183 [Lm.
1949 135 1982 176 Ι.

447 269 852 318 Reuerentissimo
878 273 923 318 et
953 270 1259 318 sanctissimo
1272 270 1433 330 fratri
1455 270 1659 318 Etlierio
1674 267 1690 294 ¹
1716 270 1985 330 coepiscopo

382 352 646 414 Greyorius
668 368 840 401 seruus
862 368 1116 402 seruorum
1138 354 1247 401 Dei,

87 444 307 480 Gommen-
445 437 584 485 Isicet
619 437 754 497 apud
783 437 1043 485 sacerdotes
1074 436 1300 484 habentes
1329 437 1434 484 Deo
1460 436 1701 496 placitam
1738 435 1985 483 caritatem

85 494 271 579 Ῠθῖξέῗω
376 520 588 581 reliyiosi
605 520 707 567 uiri
728 520 918 567 nullius
935 520 1346 567 commendatione
1369 519 1655 580 indiyeant;
1687 520 1805 579 quia
1823 521 1986 566 tamen

86 593 344 689 ffissiffio&
378 606 548 664 aptum
588 603 827 651 scribendi
868 617 916 650 se
958 606 1147 662 tempus
1192 603 1404 662 inoessit7
1439 602 1753 661 fraternitati
1800 604 1986 648 uestrae

376 690 543 735 nostra
590 686 776 733 mittere
827 686 1011 746 scripta
1059 686 1377 743 curauimus;
1432 685 1743 733 insinuantes
1793 685 1988 732 latorem

366 769 704 831 praesentiam
756 766 1103 828 Auyustinum
1155 782 1353 815 seruum
1399 769 1508 827 Dei,
1565 768 1622 815 de
1674 768 1813 816 cuius
1873 767 1987 815 certi

376 868 547 902 sumus
582 852 757 912 studio,
787 866 898 899 cum
928 852 1043 900 aliis
1077 853 1233 900 seruis
1261 852 1370 910 Dei,
1401 852 1503 899 illie
1536 866 1626 899 nos
1651 867 1748 912 pro
1780 851 1989 898 utilitate

377 938 659 986 animarum
683 935 950 983 auxiliante
973 935 1188 982 Domino
1214 934 1441 982 direxisse
1458 951 1474 992 ;
1512 949 1652 995 quem
1681 948 1868 982 necesse
1901 937 1981 994 est,

377 1023 436 1067 ut
472 1017 755 1066 sacerdotali
790 1016 950 1064 studio
991 1017 1224 1063 sanctitas
1263 1019 1426 1063 uestra
1463 1016 1715 1076 adiuuare,
1746 1019 1791 1063 et
1823 1031 1916 1064 sua
1947 1016 1989 1063 ei

378 1103 560 1150 solacia
598 1100 829 1162 praebere
866 1100 1084 1159 festinet.
1162 1098 1253 1148 Cui
1300 1100 1458 1158 etiam,
1502 1102 1560 1146 ut
1594 1100 1883 1159 promtiores
1925 1099 1990 1146 ad

377 1184 760 1246 suffiuyandum
784 1179 1015 1243 possitis2
1041 1182 1249 1242 existere,
1280 1196 1481 1230 causam
1513 1183 1651 1230 uobis
1682 1182 1990 1229 iniunximus

378 1269 620 1317 subtiliter
663 1267 914 1324 indica-re,·
967 1267 1167 1314 scientes
1215 1266 1355 1327 quod,
1403 1281 1461 1314 ea
1498 1267 1702 1326 coynita,
1753 1269 1853 1313 tota
1900 1280 1990 1313 uos

369 1355 572 1413 propter
598 1352 760 1399 Deum
797 1350 1045 1398 deuotione
1080 1350 1146 1398 ad
1182 1350 1529 1410 solaciandum,
1566 1351 1685 1410 quia
1717 1364 1792 1396 res
1824 1350 1980 1409 casiod,

377 1435 693 1484 commodetis.
753 1432 1032 1483 Candidum
1046 1436 1303 1493 praeterea
1317 1434 1665 1493 presbyterimn,
1689 1447 1989 1480 communem

371 1519 552 1579 fllium,
607 1532 748 1578 quem
801 1517 867 1565 ad
923 1517 1325 1577 gubernationem
1373 1516 1710 1576 patrimonioli
1769 1516 1989 1563 ecclesiae

378 1605 572 1651 nostrae
614 1601 990 1659 transmisimus,
1036 1600 1231 1647 caritati
1277 1602 1465 1647 uestrae
1506 1600 1561 1646 in
1608 1599 1834 1646 omnibus
1874 1613 1990 1646 com-

378 1686 681 1734 mendamus.
756 1685 892 1732 Deus
926 1687 969 1731 te
1000 1684 1289 1731 incolumem
1322 1683 1573 1742 custodiat⁷
1605 1683 1989 1730 reuerentissime

368 1770 546 1829 frater.

446 1854 586 1901 Data
645 1853 719 1900 die
777 1851 831 1899 X
848 1850 863 1875 3
910 1850 1255 1899 Kalendarum
1314 1847 1673 1910 Auyustarum,
1724 1849 1989 1909 imperante

379 1937 571 1984 domino
586 1935 602 1959 4
627 1939 791 1984 nostro
815 1935 1067 1983 DIauricio
1093 1935 1282 1981 Tiberio
1299 1934 1523 1995 piissimo
1538 1932 1555 1957 ⁵
1579 1931 1821 1994 Auyusto,
1853 1948 1987 1981 anno

378 2020 583 2080 XIIII,
597 2022 712 2080 post
730 2019 1038 2066 consulatum
1056 2018 1266 2066 ciusdem
1285 2017 1470 2065 domini
1487 2017 1641 2065 nostri
1664 2032 1794 2065 anno
1810 2016 1978 2075 XIII,

379 2103 639 2151 indictione
663 2102 870 2150 XIIII.

1000 2241 1156 2290 OAP.
1198 2240 1365 2290 XXV.

386 2359 433 2394 Ut
452 2356 614 2393 ueniens
634 2355 877 2391 Brittaniam
898 2355 1154 2400 Auyustinus
1169 2353 1183 2375 ⁶
1196 2355 1327 2398 primo
1348 2354 1393 2390 in
1413 2355 1549 2391 insula
1579 2355 1610 2390 T
1608 2356 1724 2390 (mato
1745 2354 1825 2399 resji
1846 2355 1988 2390 Cantu-

380 2424 558 2460 ariorum
572 2422 812 2467 praedicarit
832 2433 847 2466 ;
876 2423 909 2456 ct
928 2421 982 2456 sic
1001 2423 1151 2464 accepta
1172 2421 1220 2455 ab
1240 2430 1277 2455 eo
1299 2421 1465 2468 licentia,
1492 2421 1673 2456 Cantium
1686 2421 1989 2464 praedicaturus

1073 2486 1293 2521 intrauerit.

91 2581 325 2638 Augus-tine
452 2572 772 2620 ROBORATUS
798 2585 918 2631 ergo
945 2567 1343 2616 confirmatione
1375 2568 1513 2616 beati
1545 2568 1707 2630 patris
1733 2568 1982 2631 Gregorii,

91 2633 276 2725 {gfff}
288 2693 323 2716 n.
381 2655 717 2719 Augustinus
759 2669 879 2701 cum
917 2651 1130 2700 famulis
1173 2651 1380 2711 Christi,
1425 2651 1515 2713 qui
1558 2653 1706 2699 erant]
1748 2668 1869 2699 cuni
1911 2668 1983 2710 eo,

91 2742 165 2776 597·
383 2738 571 2788 rediit⁷
606 2738 663 2785 in
702 2753 832 2799 opus
868 2734 1027 2796 uerbi,
1070 2734 1413 2797 peruenitque
1451 2734 1786 2783 Brittaniam.
1861 2735 1988 2783 Erat

384 2840 444 2872 eo
477 2826 712 2885 tempore
746 2837 838 2868 rex
862 2817 1194 2868 Aedilberct⁸
1231 2818 1287 2865 in
1323 2817 1538 2866 Cantia⁹
1569 2818 1982 2880 potentissimus,

442 2953 450 2974 ¹
480 2954 601 3003 patri
622 2953 748 2992 aeth-
770 2953 822 2992 N.
1007 2951 1022 2973 2
1050 2951 1208 3001 positis
1230 2947 1303 2988 M¹.
1505 2949 1519 2971 ³
1549 2953 1594 2988 in
1614 2950 1671 2989 M.
1695 2963 1747 2989 -x-
1770 2954 1806 2989 is
1826 2953 1989 2989 inserted

384 3023 494 3057 above
515 3023 572 3057 the
592 3023 678 3058 line.
826 3018 839 3040 ⁴
870 3018 1048 3057 domini
1069 3017 1125 3055 M.
1269 3014 1284 3037 ⁵
1314 3015 1501 3065 pissimo
1523 3016 1583 3066 M,
1609 3021 1690 3055 and
1708 3030 1747 3055 so
1758 3019 1987 3063 frequently.

383 3084 399 3107 ⁴⁵
428 3087 666 3134 agustinus
688 3084 733 3134 G,
758 3088 839 3123 and
859 3098 898 3123 so
917 3087 1084 3130 usually.
1255 3078 1270 3101 ⁷
1299 3083 1417 3121 redit
1439 3081 1513 3121 M1.
1670 3084 1683 3103 ὃ
1712 3082 1987 3121 aedilberich

385 3151 424 3189 N
443 3164 453 3198 3
496 3151 772 3189 aebilbercht
805 3151 850 3201 C,
895 3154 960 3189 but
996 3154 1092 3199 here,
1131 3153 1214 3188 and
1245 3152 1467 3199 constantiij,
1505 3152 1537 3186 it
1565 3151 1600 3187 is
1626 3152 1784 3196 possible
1812 3152 1893 3186 that
1931 3151 1988 3186 the

387 3221 456 3255 bar
475 3219 520 3264 of
532 3220 591 3255 the
613 3217 635 3255 ὂ
656 3220 692 3255 is
714 3220 759 3264 by
775 3230 800 3255 a
820 3220 914 3255 later
933 3220 1054 3266 hand,
1072 3219 1130 3255 the
1150 3219 1315 3264 origiinal
1334 3219 1498 3263 readiny
1519 3218 1628 3263 beina
1648 3215 1690 3255 d.
1730 3214 1746 3237 ⁹
1765 3215 1920 3253 cancia
1935 3213 1987 3253 N.
