2240 3444
108 1931 259 1975 Oswy's

107 1982 243 2018 votive

106 2031 314 2078 offerings.

427 109 487 158 17
501 108 533 157 8
886 105 951 157 Η
953 104 1152 158 istoria.
1191 104 1434 158 Ecclesia
1442 104 1581 157 stica
1817 112 1928 165 [Lm.
1952 118 2026 156 111.

424 255 685 317 siquidem
733 255 834 318 ipsi
884 256 1043 303 XXX
1092 255 1326 318 legiones
1375 253 1596 302 ducibus
1645 253 2024 303 nobilissimis.1

422 338 704 387 instructas
751 339 808 386 in
857 339 997 386 bello
1045 339 1284 399 habuere,
1330 337 1522 401 quibus
1564 337 1729 386 Osuiu
1772 355 1862 386 rex
1905 355 2025 387 cum

420 421 697 471 Alchfrido
714 423 730 448 ²
755 422 879 478 filio,
911 439 1241 485 perparuum,
1264 424 1323 470 ut
1349 421 1471 482 dixi,
1492 421 1692 469 habens
1719 422 2020 482 exercitum,

419 505 510 552 sed
542 505 750 554 Christo
782 506 910 553 duce
949 506 1190 566 confisus,
1223 504 1458 552 occurrit.
1538 503 1675 552 Nam
1712 503 1847 550 alius
1883 503 2025 551 filius

417 587 529 636 eius
555 589 769 651 Ecgfrid
785 590 801 614 3
828 606 887 637 eo
912 592 1145 651 tempore
1171 589 1227 636 in
1252 587 1523 651 prouincia
1547 586 1861 635 Merciorum
1886 589 2024 651 apud

416 672 653 735 reginam
672 673 902 736 Cynuise
919 673 933 696 4
955 673 1104 720 obses
1121 672 1422 732 tenebatur3
1449 671 1592 719 filius
1613 673 1790 719 autem
1808 671 2023 721 Osualdi

415 756 552 818 regis
580 757 858 818 Oidiluald,
892 758 983 819 qui
1016 756 1090 804 eis
1123 756 1318 804 auxilio
1353 772 1463 803 esse
1490 755 1751 816 debuerat,
1782 755 1839 802 in
1876 758 2023 818 parte

417 841 527 887 erat
587 841 1017 901 aduersariorum,
1085 840 1386 901 eisdemque
1448 841 1627 886 contra
1686 839 1911 900 patriam
1970 842 2022 888 et

412 925 659 984 patruum
698 942 854 972 suum
892 923 1202 987 pugnaturis
1242 924 1427 971 ductor
1464 922 1747 983 exstiterat,
1779 924 2021 985 quamuis

411 1005 527 1069 ipso
548 1007 564 1032 ⁵
611 1010 845 1070 tempore
904 1007 1176 1071 pugnandi
1237 1023 1347 1055 sese
1407 1023 1613 1069 pugnae
1674 1006 2013 1068 subtraxerat,

414 1093 770 1154 euentumque
788 1091 1108 1140 discriminis
1124 1092 1239 1139 tuto
1260 1090 1316 1137 in
1333 1090 1444 1138 loco
1462 1090 1806 1152 exspectabat.
1873 1091 2018 1140 Inito

414 1190 534 1236 ergo
561 1176 843 1224 certamine
877 1175 1045 1239 fugati
1077 1177 1202 1223 sunt
1228 1177 1280 1223 et
1307 1174 1440 1223 caesi
1471 1175 1672 1238 pagani,
1706 1175 1862 1223 duces
1888 1175 2018 1238 regii

412 1257 583 1320 XXX,
629 1260 719 1321 qui
756 1261 820 1308 ad
859 1259 1117 1308 auxilium
1154 1261 1425 1321 uenerant,
1469 1276 1600 1321 pene
1638 1275 1821 1307 omnes
1856 1258 2016 1307 inter-

408 1341 531 1390 fecti
553 1361 563 1404 3
602 1343 658 1390 in
685 1344 875 1406 quibus
899 1343 1172 1392 Aedilheri
1188 1344 1216 1404 ⁶,
1248 1342 1407 1391 frater
1430 1343 1590 1391 Anna
1614 1344 1750 1406 regis
1776 1343 2013 1392 Orienta-

407 1425 542 1474 lium
579 1428 894 1490 Anglorum,
939 1428 1030 1491 qui
1071 1429 1190 1490 post
1227 1444 1348 1475 eum
1386 1427 1638 1490 regnauit,
1681 1429 1863 1476 auctor
1903 1428 2014 1490 ipse

406 1509 546 1572 belli,
578 1512 797 1574 perditis
834 1513 1097 1560 militibus
1135 1511 1247 1559 siue
1283 1511 1494 1560 auxiliis
1530 1511 1845 1559 interemtus
1877 1514 1955 1560 est
1976 1513 2005 1560 ⁷.

406 1594 475 1642 Et
517 1595 638 1658 quia
676 1613 838 1659 prope
878 1596 1104 1644 fluuium
1142 1595 1418 1645 Uinuaed8
1455 1598 1749 1658 pugnatum
1789 1598 1881 1657 est,
1922 1596 2012 1659 qui

403 1680 529 1726 tunc
576 1696 698 1742 prae
741 1680 1055 1728 inundantia
1102 1680 1405 1743 pluuiarum
1453 1679 1559 1727 late
1600 1679 1811 1727 alueum
1854 1697 2010 1729 suum

401 1762 567 1811 immo
595 1781 778 1812 omnes
812 1765 949 1826 ripas
982 1782 1100 1813 suas
1126 1764 1403 1813 transierat
1420 1764 1448 1825 ⁹,
1481 1764 1714 1827 contigit,
1747 1767 1806 1813 ut
1839 1765 2008 1813 multo

401 1846 578 1908 plures
602 1864 736 1910 aqua
762 1848 1036 1911 fugientes,
1068 1865 1225 1911 quam
1250 1848 1508 1896 bellantes
1535 1849 1775 1911 perderet
1800 1849 1955 1899 ensis.

470 1930 607 1978 Tum
625 1929 659 1955 ³⁰
685 1948 775 1979 rex
810 1932 988 1992 Osuiu,
1024 1932 1170 1980 iuxta
1204 1933 1342 1994 quod
1377 1932 1608 1980 Domino
1645 1936 1873 1995 uouerat,
1912 1950 2006 1996 pro

403 2013 606 2062 conlata
644 2015 739 2063 sibi
779 2016 993 2064 uictoria
1026 2016 1219 2080 gratias
1253 2018 1363 2065 Deo
1399 2017 1629 2065 referens
1662 2017 1806 2065 dedit
1838 2018 2005 2067 filiam

412 2114 563 2145 suam
600 2098 962 2161 Aelffledamss,
995 2117 1125 2163 quae
1162 2100 1382 2148 uixdum
1422 2100 1580 2148 unius
1617 2100 1743 2148 anni
1781 2103 2005 2151 aetatem

397 2179 701 2242 inpleuerat,
733 2186 982 2244 perpetua
1020 2183 1067 2230 ei
1103 2183 1403 2246 uirginitate
1436 2183 1870 2245 consecrandam3
1914 2185 2002 2233 do-

397 2265 536 2313 natis
568 2266 783 2328 insuper
808 2267 921 2314 XII
947 2267 1385 2329 possessiunculis
1415 2269 1688 2328 terrarum,
1720 2267 1777 2315 in
1811 2268 2002 2331 quibus

395 2348 569 2397 ablato
608 2349 781 2398 studio
819 2350 1039 2398 militiae
1077 2350 1352 2411 terrestris,
1384 2351 1448 2399 ad
1487 2351 1827 2399 exercendam
1864 2352 1999 2400 mili-

394 2431 525 2479 tiam
552 2433 839 2494 caelestem,
872 2434 1379 2496 supplicandumque
1415 2451 1507 2496 pro
1541 2451 1664 2496 pace
1690 2434 1862 2497 gentis
1889 2438 2000 2484 eius

393 2517 614 2577 aeterna,
664 2517 933 2565 deuotioni
977 2517 1185 2565 sedulae
1227 2518 1608 2565 monachorum
1651 2518 1795 2567 locus
1836 2519 1996 2568 facul-

392 2600 574 2662 tasque
608 2603 917 2663 suppeteret.
995 2601 1038 2648 E
1067 2600 1257 2663 quibus
1282 2600 1525 2648 uidelicet
1559 2602 1996 2663 possessiunculis

394 2698 484 2730 sex
520 2683 577 2731 in
613 2684 882 2746 prouincia
918 2684 1190 2743 Derorum,
1221 2700 1310 2731 sex
1345 2683 1402 2731 in
1435 2684 1799 2733 Berniciorum
1832 2686 1988 2735 dedit.

394 2765 640 2828 Singulae
673 2784 797 2815 uero
832 2767 1184 2830 possessiones
1211 2767 1262 2814 X
1287 2769 1435 2815 erant
1466 2767 1803 2831 familiarum,
1834 2769 1887 2818 id
1915 2772 1992 2819 est

389 2848 551 2897 simul
601 2867 784 2898 omnes
832 2851 991 2900 CXX.
1076 2850 1306 2899 Intrauit
1353 2853 1529 2900 autem
1578 2852 1806 2914 praefata
1854 2853 1990 2917 regis

442 2959 455 2982 ¹
487 2961 784 3000 nouilissimis
806 2961 867 3003 (3¹.
1008 2961 1022 2983 2
1052 2962 1251 3001 alhfrido
1272 2962 1318 3001 C.
1449 2961 1463 2983 ³
1495 2963 1638 3003 ecfrid
1659 2965 1711 3004 N.
1842 2965 1857 2987 4
1885 2979 1990 3017 cyn-

385 3026 505 3065 uisse
526 3027 578 3066 B.
636 3031 736 3066 Here
761 3033 818 3067 the
845 3033 1013 3077 oriyinal
1032 3033 1141 3068 hand
1163 3032 1207 3078 of
1230 3029 1290 3079 Hl
1311 3043 1481 3068 reszmzes
1509 3034 1608 3079 after
1637 3036 1695 3071 the
1725 3035 1900 3081 lacuum
1935 3047 1990 3071 see

383 3097 465 3131 nole
485 3092 510 3142 ⁵,
534 3105 578 3142 p.
603 3105 693 3142 154.
918 3097 932 3118 ⁵
961 3097 1055 3146 ipse
1077 3097 1130 3135 N.
1328 3097 1343 3119 ‘³
1371 3099 1600 3138 aedilhere
1623 3098 1681 3146 C;
1716 3099 1910 3138 edilheri
1932 3100 1987 3139 N.

382 3154 398 3174 ⁷
425 3160 491 3196 est
513 3172 587 3198 om.
611 3160 669 3199 M.
793 3161 806 3183 8
836 3163 1007 3201 uinuecl
1029 3163 1075 3202 C.
1098 3164 1148 3204 B.
1170 3163 1224 3202 N.
1366 3163 1381 3185 ⁹
1410 3165 1488 3204 -rit
1510 3165 1583 3205 Ml.
1748 3164 1778 3187 ²⁰
1807 3167 1918 3207 tunc
1939 3167 1986 3206 C.

384 3220 414 3243 ¹¹
444 3224 710 3265 aelbfledam
732 3227 783 3268 Β.
806 3227 859 3267 Ν.
