2240 3444
360 91 433 141 90
459 131 461 134 Α
819 87 1085 141 Historia
1123 87 1511 141 Ecclesiccsticco
1774 95 1882 148 [Lm.
1909 100 1963 138 Π.

361 253 567 300 quoque
601 238 755 299 atque
794 236 1094 285 Scottorum
1128 237 1322 298 gentes,
1362 252 1492 298 quae
1529 234 1965 298 septentrionales

361 320 652 368 Brittaniae
671 320 803 368 fines
828 321 1026 381 tenent,
1053 319 1284 367 maxima
1310 335 1373 366 ex
1397 320 1542 380 parte
1562 318 1873 380 perdomuit,
1906 335 1963 367 ac

361 403 664 452 tributarias
688 403 826 452 fecit.
902 403 1003 451 Sed
1029 403 1154 450 haec
1179 402 1533 464 postmodum.

431 487 727 535 Defunctus
775 503 898 534 uero
948 487 1027 533 est
1075 502 1165 532 rex
1213 482 1548 532 Aedilberctl
1601 484 1684 531 die
1734 484 1964 532 XXIIII

362 570 563 618 mensis
607 569 874 618 Februarii
915 570 1033 631 post
1072 568 1178 615 XX
1220 570 1272 616 et
1314 584 1484 615 unum
1527 584 1692 615 annos
1729 569 1967 629 accept-ae

361 653 499 711 fidei,
537 657 691 716 atque
727 653 784 700 in
813 650 1049 715 porticu2
1076 651 1242 699 sancti
1275 650 1491 698 Martini
1526 651 1667 698 intro
1702 650 1967 698 ecclesiam

361 736 634 784 beatorum
670 735 1027 798 apostolorum
1053 734 1199 782 Petri
1231 736 1282 782 et
1314 733 1469 782 Pauli
1507 734 1755 796 sepultus,
1787 733 1879 781 ubi
1916 735 1967 781 et

362 821 563 868 Berctae
579 821 594 845 3
621 820 801 882 regina
827 818 1036 866 condita
1062 819 1151 866 est.

71 908 147 943 His
166 909 316 943 dooms.
432 903 533 964 Qui
569 903 706 951 inter
743 904 912 950 cetera
948 902 1096 962 bona,
1138 918 1270 963 quae
1308 901 1453 963 genti
1489 917 1612 949 suae
1649 899 1967 948 consulendo

361 987 671 1046 conferebat,
693 985 852 1033 etiam
872 985 1077 1032 decreta
1103 983 1182 1031 illi
1207 984 1535 1046 iudiciorum,
1558 983 1705 1031 iuxta
1731 982 1968 1045 exempla

362 1071 733 1130 Romanorum,
751 1085 870 1116 cum
888 1067 1104 1116 consilio
1139 1064 1143 1132 Ι
1177 1067 1497 1130 sapientium
1514 1067 1812 1127 constituit3
1839 1083 1969 1129 quae
2000 1081 2027 1116 f.
2049 1094 2086 1126 31
2107 1094 2141 1118 a.

363 1153 652 1215 conscripta
688 1152 987 1215 Anglorum
1030 1168 1270 1200 sermone
1311 1152 1564 1199 hactenus
1601 1151 1875 1209 habentur,
1918 1152 1970 1198 et

364 1237 709 1285 obseruantur
734 1237 798 1284 ab
819 1253 891 1284 ea.
958 1235 1026 1283 In
1052 1235 1242 1298 quibus
1267 1235 1514 1297 primitus
1537 1234 1726 1297 posuit,
1749 1233 1971 1296 qualiter

363 1321 416 1368 id
454 1321 730 1368 emendare
767 1321 989 1380 deberet,
1022 1318 1112 1381 qui
1147 1318 1346 1381 aliquid
1381 1335 1557 1366 rerum
1588 1318 1673 1366 uel
1708 1317 1963 1377 ecclesiae,

367 1405 447 1452 uel
486 1403 724 1466 episcopi,
766 1404 851 1450 uel
888 1402 1211 1465 reliquorum
1248 1402 1494 1450 ordinum
1529 1401 1669 1449 furto
1707 1401 1967 1462 auferret3

365 1488 550 1536 uolens
569 1487 766 1535 scilicet
787 1486 1068 1534 tuitionem
1089 1485 1176 1546 eis,
1200 1502 1331 1548 quos
1351 1487 1402 1533 et
1423 1502 1649 1548 quorum
1675 1485 1970 1534 doctrinam

365 1573 674 1633 susceperat,
706 1572 978 1633 praestare.

74 1672 150 1706 His
432 1654 559 1702 Erat
594 1656 770 1702 autem
806 1654 946 1701 idem
975 1651 1310 1700 Aedilberct4
1339 1651 1481 1700 filius
1511 1652 1793 1713 Irminrici,
1825 1651 1972 1700 cuius

75 1722 251 1757 desecant.
361 1741 509 1801 pater
546 1739 685 1798 Octa,
717 1737 864 1785 cuius
900 1739 1048 1799 pater
1081 1736 1228 1783 Oeric
1264 1738 1609 1798 cognomento
1644 1736 1775 1797 Oise,
1810 1753 1840 1784 a
1869 1753 1970 1798 quo

362 1838 509 1884 reges
557 1820 957 1869 Cantuariorum
1006 1818 1176 1867 solent
1226 1818 1497 1882 Oiscingas
1554 1819 1920 1882 cognominare
1936 1820 1966 1868 5.

364 1905 526 1954 Cuius
552 1906 697 1966 pater
721 1903 954 1966 Hengist
970 1904 998 1963 ⁶,
1032 1903 1122 1965 qui
1151 1919 1272 1950 cum
1297 1902 1408 1950 filio
1445 1920 1540 1951 suo
1574 1902 1692 1951 Oisc
1717 1902 1973 1951 inuitatus

363 2004 392 2035 a
441 1988 763 2050 Uurtigerno
813 1987 1130 2034 Brittaniam
1179 1987 1383 2048 primus
1430 1986 1662 2047 intrauit,
1710 1989 1770 2034 ut
1820 2002 1974 2049 supra

364 2071 655 2120 retulimus.

75 2180 296 2223 Paganre-
434 2155 510 2202 At
545 2171 668 2201 uero
705 2155 823 2216 post
859 2155 1087 2200 mortem
1124 2153 1490 2214 Aedilbercti7,
1528 2170 1647 2201 cum
1683 2153 1825 2201 filius
1863 2153 1974 2201 eius

75 2228 278 2322 (ἒέἒῖίῖῑὶῑῖ
365 2238 600 2286 Eadbald
626 2236 774 2299 regni
807 2236 1158 2298 gubernacula
1192 2236 1513 2298 suscepisset,
1546 2253 1736 2299 magno
1762 2237 1975 2285 tenellis

366 2322 439 2370 ibi
454 2321 622 2370 adhuc
640 2320 882 2368 ecclesiae
903 2319 1182 2366 crementis
1202 2319 1516 2367 detrimento
1534 2320 1647 2368 fuit.
1704 2320 1974 2382 Siquidem

366 2422 475 2454 non
524 2404 697 2452 solum
746 2403 907 2450 fidem
961 2402 1158 2450 Christi
1204 2403 1430 2464 recipere
1479 2403 1730 2465 noluerat,
1780 2404 1871 2452 sed
1923 2407 1974 2452 et

365 2487 706 2536 fornicatione
739 2486 975 2548 pollutus
1008 2487 1089 2532 est
1121 2485 1227 2545 tali,
1261 2486 1470 2547 qualem
1505 2503 1600 2533 nec
1629 2486 1767 2534 inter
1790 2489 1974 2550 gentes

366 2571 599 2620 auditam
619 2569 882 2632 apostolus
901 2571 1139 2627 testatur,
1161 2568 1232 2616 ita
1252 2571 1310 2616 ut
1329 2586 1542 2617 uxorem
1563 2570 1724 2632 patris
1742 2571 1971 2620 haberet.
2006 2595 2018 2618 1
2034 2583 2122 2620 Cor.
2138 2595 2174 2620 v.
2190 2597 2214 2619 1.

369 2656 481 2716 Quo
529 2657 750 2716 utroque
811 2653 1000 2700 scelere
1059 2652 1376 2700 occasionem
1430 2653 1574 2701 dedit
1630 2654 1692 2701 ad
1746 2655 1974 2717 priorem

366 2737 627 2785 uomitum
652 2735 950 2784 reuertendi
983 2735 1084 2795 his,
1112 2735 1204 2797 qui
1233 2736 1330 2783 sub
1355 2735 1575 2797 imperio
1609 2737 1692 2784 sui
1723 2739 1967 2800 parentis,
2003 2746 2053 2783 ef.
2075 2747 2191 2803 Ιῗῑον.

368 2821 455 2869 uel
492 2821 669 2868 fauore
705 2820 791 2867 uel
827 2819 1014 2867 timore
1051 2818 1205 2881 regio,
1245 2818 1368 2867 fidei
1401 2822 1451 2866 et
1488 2820 1826 2870 castimoniae
1861 2824 1975 2871 iura
2000 2809 2194 2882 {ffssfsif

369 2905 714 2966 susceperant.
775 2903 883 2950 Nec
907 2918 1160 2964 supernae
1184 2901 1387 2964 flagella
1412 2902 1752 2952 districtionis
1775 2905 1975 2967 perfido
2003 2909 2053 2932 ²²·

370 2987 479 3049 regi
527 2986 823 3048 castigando
873 2988 924 3033 et
973 2985 1273 3047 corrigendo
1323 2985 1564 3047 defuere3
1625 3004 1749 3035 nam
1798 2988 1974 3037 crebra

423 3107 436 3130 ¹
468 3109 718 3148 aeoilberht
740 3110 785 3150 C.
990 3109 1005 3131 ²
1032 3123 1100 3149 -co
1123 3110 1173 3148 B.
1378 3108 1392 3130 3
1423 3111 1597 3149 berctae
1619 3111 1656 3149 B
1676 3125 1684 3157 ;
1716 3112 1902 3150 berhtae
1925 3112 1970 3152 C.

369 3173 382 3195 ⁴
416 3175 666 3214 aebilberht
688 3176 732 3214 C.
819 3174 834 3198 ⁵
861 3177 919 3214 —ri
941 3175 1016 3225 H„
1140 3175 1155 3197 ⁶
1184 3175 1399 3226 haengest
1423 3177 1466 3215 C.
1556 3175 1571 3197 ⁷
1600 3178 1892 3217 aebilberchti
1914 3178 1960 3217 C.
