2240 3444
231 151 330 190 Cn.
355 147 451 200 XL]
730 142 918 196 Gentis
956 146 1003 196 A
1019 146 1292 214 ngJIorum.
1692 157 1791 205 301

229 283 385 331 etiam
422 285 645 347 paganis,
686 286 772 347 qui
811 303 896 334 eos
925 289 1210 338 occiderant
1228 291 1255 345 ¹,
1295 293 1623 344 intuentibus,
1700 298 1797 344 Saul

229 368 280 414 et
324 383 460 413 unus
498 384 559 414 ex
602 367 677 414 eis
715 368 770 415 in
810 369 1006 417 uisione
1048 376 1298 421 nocturna
1334 378 1563 435 apparuit
1600 379 1796 425 cuidam

229 447 292 495 de
321 447 504 496 sociis²
537 448 657 508 suis,
689 449 772 497 cui
806 467 997 499 nomen
1035 456 1142 500 erat
1175 455 1395 514 Tilmon,
1438 458 1543 503 uiro
1580 459 1795 511 inlustri,

228 531 278 577 et
319 530 379 577 ad
425 531 686 578 saeculum
732 549 932 594 quoque
981 534 1156 594 nobili,
1205 536 1291 596 qui
1335 538 1396 584 do
1440 539 1602 585 milito
1647 542 1803 587 factus

228 611 425 659 fuerat³
475 613 791 673 monachus;
852 614 1098 675 indicans,
1153 619 1286 678 quod
1341 638 1399 665 eo
1454 620 1548 666 loci
1601 639 1802 682 corpora

227 709 406 741 eorum
454 697 628 756 posset
682 695 930 755 inuenire,
987 697 1075 745 ubi
1128 698 1298 746 lucem
1351 701 1413 747 de
1468 701 1603 748 caelo
1657 704 1804 750 terris

227 776 452 824 radlasse
492 777 823 838 conspiceret.
902 779 1048 839 Quod
1097 780 1169 828 ita
1216 782 1510 842 conpletum
1553 787 1644 831 est.
1719 785 1802 831 In-

229 861 386 906 uenta
421 875 646 921 namque
677 876 855 908 eorum
885 877 1094 923 corpora
1123 862 1266 910 iuxta
1294 864 1541 911 honorem
1576 867 1804 926 martyri-

226 941 323 990 bus
365 941 682 1004 condignum
720 943 982 990 recondita
1018 947 1153 1003 sunt,
1199 947 1249 992 et
1288 945 1396 992 dies
1433 946 1684 1007 passionis
1724 947 1804 994 uel

227 1023 552 1072 inuentionis
594 1041 774 1072 eorum
813 1042 1038 1088 congrua
1074 1026 1178 1074 illis
1215 1027 1270 1074 in
1313 1027 1436 1074 locis
1476 1029 1805 1075 ueneratione

228 1106 525 1154 celebratus,
614 1106 850 1169 Denique
897 1108 1297 1169 gloriosissimus
1345 1110 1447 1157 dux
1497 1110 1805 1157 Francorum

227 1188 435 1251 Pippin,
484 1188 575 1237 ubi
613 1189 738 1236 haec
787 1190 1051 1251 oonperiit,
1099 1190 1254 1248 misit,
1301 1193 1351 1238 et
1393 1192 1610 1239 adducta
1650 1192 1711 1238 ad
1754 1208 1807 1239 se

227 1288 406 1320 eorum
442 1287 650 1333 corpora
688 1271 916 1319 condidit
954 1289 1071 1319 cum
1107 1273 1273 1321 multa
1308 1274 1468 1335 gloria
1504 1274 1558 1320 in
1599 1274 1807 1321 ecclesia

227 1353 470 1403 Coloniae
495 1353 722 1402 ciuitatis
747 1353 891 1402 iuxta
917 1354 1162 1402 Rhenum
1180 1355 1210 1403 ⁴.
1272 1356 1456 1403 Fertur
1480 1358 1664 1413 autem,
1689 1355 1807 1416 quia

226 1436 278 1484 in
317 1436 440 1496 loco,
475 1453 576 1498 quo
611 1436 764 1484 occisi
797 1439 933 1497 sunt,
964 1436 1081 1484 fons
1117 1437 1386 1496 ebullierit,
1418 1437 1505 1498 qui
1539 1437 1592 1483 in
1629 1438 1806 1484 eodem

227 1518 338 1567 loco
363 1535 529 1581 usque
553 1518 706 1566 hodie
732 1519 938 1581 copiosa
962 1520 1144 1567 fluenti
1170 1520 1248 1567 sui
1274 1520 1407 1567 dona
1437 1519 1755 1581 profundat

909 1716 1060 1765 CAP.
1103 1715 1198 1763 XI.

231 1842 277 1879 Ut
304 1843 388 1878 uiri
415 1837 680 1880 uenerabiles⁶
699 1838 926 1879 Suidberct⁷
952 1843 995 1878 in
1015 1843 1211 1878 Britaniis
1224 1837 1248 1887 ³,
1281 1841 1452 1877 Uilbrord
1465 1838 1478 1858 ¹³
1500 1842 1638 1876 Romae
1659 1842 1737 1875 sint
1768 1841 1807 1874 in

735 1909 914 1945 Fresiam
933 1909 1104 1944 ordinati
1123 1908 1299 1952 epae'scopz‘.

292 2018 489 2067 PRIMIS
514 2035 636 2066 sane
660 2017 984 2080 temporibus
1002 2017 1258 2064 aduentus
1284 2032 1461 2063 eorum
1481 2015 1534 2062 in
1562 2014 1800 2069 Fresiam,

224 2117 348 2148 mox
372 2104 431 2149 ut
465 2100 719 2163 conperiit
745 2100 992 2148 Uilbrord
1024 2099 1198 2146 datam
1230 2097 1329 2145 sibi
1354 2114 1381 2144 a
1410 2097 1638 2158 principe
1663 2096 1811 2143 licen-

224 2183 352 2231 tiam
391 2183 587 2231 ibidem
624 2181 968 2245 praedicandi,
1009 2181 1316 2229 acoelerauit
1354 2180 1532 2227 uenire
1575 2180 1804 2237 Romam,

225 2266 372 2314 ouius
410 2265 519 2314 sedi
555 2264 867 2327 apostolicae
904 2267 1029 2312 tunc
1067 2263 1277 2325 Sergius
1313 2279 1443 2325 papa
1478 2264 1717 2323 praeerat,
1755 2264 1810 2307 ut

225 2365 344 2396 cum
371 2348 481 2396 eius
506 2347 718 2396 licentia
749 2349 800 2395 et
834 2346 1193 2394 benedictione
1227 2345 1571 2393 desideratum
1601 2359 1812 2404 euange-

224 2431 416 2480 lizandi
442 2431 686 2494 gentibus
718 2446 847 2492 opus
877 2429 1032 2476 iniret
1057 2447 1068 2489 3
1106 2428 1263 2476 simul
1289 2428 1338 2475 et
1374 2425 1614 2487 reliquias
1648 2424 1810 2471 beato·

224 2532 342 2562 rum
363 2514 718 2576 apostolorum
742 2529 798 2561 ac
824 2514 1117 2574 martyrum
1143 2510 1336 2560 Christi
1359 2509 1421 2556 ab
1446 2525 1503 2555 eo
1523 2524 1575 2554 se
1600 2523 1808 2567 sperans

225 2597 451 2659 accipere
467 2595 514 2656 ¹⁰,
545 2599 605 2644 ut
634 2596 761 2643 dum
786 2596 842 2642 in
868 2598 1034 2657 gente,
1065 2593 1147 2641 cui
1178 2591 1503 2654 praedicaret,
1537 2587 1808 2636 destructis

225 2679 378 2728 idolis
402 2678 641 2726 ecclesias
673 2677 982 2736 institueret,
1013 2676 1222 2723 haberet
1247 2674 1300 2721 in
1334 2675 1540 2735 promtu
1568 2669 1806 2730 reliquias

224 2765 538 2821 sanctorum,
590 2776 716 2822 quas
753 2759 827 2808 ibi
863 2759 1243 2816 introduceret3
1288 2755 1571 2817 quibusque
1616 2751 1803 2798 ibidem

225 2843 485 2906 depositiS,
539 2843 913 2905 consequenter
955 2842 1010 2888 in
1054 2855 1229 2887 eorum
1278 2838 1538 2893 honorem,
1586 2849 1801 2894 quorum

224 2929 397 2976 essent
438 2925 571 2985 illae,
614 2924 823 2986 singula
865 2938 1094 2986 quaeque
1129 2921 1237 2968 loca
1275 2918 1537 2966 dedicaret.
1614 2914 1710 2962 Sed
1749 2916 1798 2961 et

279 3063 292 3084 ¹
322 3066 449 3103 -runt
472 3065 522 3104 B.
708 3062 723 3084 ²
751 3064 862 3102 socis
883 3059 956 3100 M¹.
1122 3060 1136 3080 ³
1166 3059 1261 3096 erat
1282 3056 1337 3094 M.
1490 3053 1502 3073 ⁴
1533 3053 1721 3090 hrenum
1746 3049 1796 3089 N.

223 3132 239 3155 ⁵
267 3143 364 3181 per·
385 3129 430 3168 C.
454 3128 518 3168 B2.
542 3129 609 3168 W.
725 3127 739 3148 ⁶
769 3129 842 3166 uir
863 3128 936 3165 -lis
957 3127 1001 3165 C.
1128 3122 1141 3144 ⁷
1173 3120 1419 3160 suitbercht
1442 3119 1472 3157 C
1492 3131 1500 3164 ;
1530 3117 1721 3154 sinlwrct
1745 3115 1794 3152 N.

223 3194 238 3217 ⁸
269 3195 358 3234 ·nis
379 3195 436 3244 03
466 3195 561 3232 -nia
582 3193 639 3233 M.
754 3192 769 3214 ⁹
797 3193 911 3231 uuil-
934 3191 971 3229 N
991 3204 1000 3239 ;
1030 3188 1206 3227 uilbrod
1229 3186 1275 3225 C.
1389 3183 1418 3204 ¹⁰
1446 3193 1589 3230 accep·
1612 3181 1668 3220 M.

1841 2024 2047 2059 Wilbrord

1841 2085 1932 2115 goes
1954 2079 1995 2108 tn

1842 2125 1975 2158 Rome.
