2240 3444
355 97 424 155 18
482 129 484 132 ’
813 103 1077 157 Historia
1102 99 1492 155 Ecclesictstz‘cct
1794 104 1954 157 [L113.1.

350 254 544 302 inanior
556 253 699 315 βαίη
737 272 856 305 nomn
869 271 962 318 per
983 255 1038 304 X
1062 271 1219 305 annos
1243 254 1481 303 incendiis
1505 251 1823 307 ecclesiarum,
1853 258 1956 306 pro-

351 341 693 399 Scriptiombus
712 343 1039 402 innocentum,
1065 342 1292 390 caedibus
1309 342 1585 399 nzmtymmn
1605 331 1957 382 incessabiliter
1986 327 2207 424 (ἐΐῖθτῦᾶδδ,

355 422 493 472 natal
541 429 622 474 cst.
718 425 960 487 Denique
997 424 1158 472 etiam
1196 421 1518 471 Brittaniam
1567 420 1684 466 tum
1726 413 1955 478 plurima
1987 415 1995 424 '
2025 393 2058 428 9·

359 507 705 557 confessionis
730 508 840 556 Deo
867 508 1086 556 deuotae
1111 506 1275 570 gloria
1300 500 1620 553 sublimauit.

990 715 1142 764 CAP.
1195 713 1320 762 VII.

438 850 573 886 Passio
602 850 727 886 sancti
756 844 933 885 Αῑζκιηί2
962 850 993 885 εί
1022 848 1209 883 sociorum
1239 845 1334 893 eius,
1369 844 1437 889 qui
1467 844 1591 880 eodem
1623 845 1782 886 tempore
1806 851 1880 885 pro

834 915 1000 951 Domino
1030 914 1262 958 sanquinem
1281 911 1489 957 fuderunt.

62 1019 298 1107 ξῗὸἶῗξᾶῗ
428 1024 697 1082 SIQUIDEM
741 1023 794 1071 in
847 1040 906 1071 ea
953 1039 1135 1085 passus
1179 1023 1258 1069 est
1299 1022 1510 1069 sanctus
1558 1017 1802 1067 Albanus
1817 1017 1848 1078 3,
1900 1015 1964 1064 de

359 1124 460 1170 quo
497 1107 770 1170 presbyter
807 1105 1159 1154 Fortunatus4
1196 1104 1252 1151 in
1294 1103 1471 1152 Laude
1512 1102 1795 1164 uirginum,
1844 1115 1965 1148 cum

357 1190 632 1239 beatorum
669 1192 982 1253 martyrum,
1028 1188 1117 1251 qui
1154 1189 1218 1236 de
1256 1189 1366 1235 toto
1405 1186 1527 1235 orbe
1569 1186 1633 1234 ad
1673 1183 1964 1233 Dominum

358 1274 614 1336 uenirent,
645 1274 972 1322 mentionem
999 1273 1202 1333 faceret,
1234 1271 1307 1320 ait
1331 1289 1343 1320 ε
1999 1290 2134 1326 earm.

1999 1341 2117 1375 VIII·
2138 1339 2195 1376 iii.

562 1409 821 1449 Albanum3
853 1410 1081 1459 egregium
1111 1408 1305 1448 fecunda
1336 1409 1543 1448 Britania
1573 1408 1755 1459 profert.
1998 1401 2068 1436 ¹55·

429 1525 531 1587 Qui
567 1524 812 1574 uidelicet
855 1523 1096 1572 Albanus
1112 1523 1141 1585 3,
1195 1540 1428 1587 paganus
1470 1523 1652 1584 adhuc,
1698 1539 1817 1570 cum
1859 1538 1968 1585 per-

361 1611 588 1659 fidorum
647 1607 946 1671 principum
1000 1607 1248 1655 mandata
1304 1608 1583 1655 aduersum
1641 1606 1968 1655 Christianos

363 1693 638 1753 saeuirent,
689 1692 938 1740 clericum
981 1691 1243 1754 quendam
1281 1693 1639 1753 persecutores
1677 1689 1969 1753 fugientem

362 1776 592 1839 hospitio
617 1776 845 1838 recepit3
894 1792 1052 1838 quem
1087 1776 1215 1823 dum
1252 1774 1575 1823 orationibus
1612 1773 1880 1822 continuis
1912 1789 1970 1821 ac

364 1861 562 1924 uigiliis
588 1860 670 1908 die
697 1862 959 1922 noctuque
984 1859 1193 1907 studere
1219 1858 1555 1920 conspiceret,
1588 1858 1761 1906 subito
1792 1856 1972 1905 diuina

364 1944 529 2007 gratia
577 1945 852 2006 respectus,
908 1942 1211 2004 exemplum
1260 1941 1383 1990 fidei
1432 1958 1489 1989 ac
1537 1940 1749 2003 pietatis
1791 1940 1970 1988 illius⁵

366 2027 534 2090 coepit
576 2025 840 2086 aemulari,
894 2043 951 2074 ae
1006 2025 1317 2073 salutaribus
1360 2024 1471 2072 eius
1520 2023 1970 2072 exhortationibus

364 2109 619 2172 paulatim
668 2109 895 2168 edoctus,
944 2108 1140 2156 relictis
1182 2107 1455 2156 idolatriae
1502 2107 1748 2167 tenebris,
1797 2106 1970 2155 Chris-

363 2194 540 2242 tianus
564 2193 770 2255 integro
797 2209 858 2240 ex
884 2192 1036 2240 corde
1068 2191 1237 2239 factus
1271 2193 1362 2239 est.
1441 2190 1678 2253 Cumque
1708 2190 1971 2253 praefatus

366 2276 584 2324 clericus
608 2275 807 2338 aliquot
833 2274 1014 2323 diebus
1035 2275 1171 2336 apud
1199 2291 1319 2322 eum
1340 2273 1705 2336 hospitaretur,
1730 2272 1970 2336 peruenit

367 2361 432 2409 ad
481 2376 630 2409 aures
678 2358 892 2407 nefandi
938 2357 1186 2420 principis
1236 2357 1585 2405 confessorem
1629 2356 1838 2417 Christi,
1889 2356 1969 2404 cui

366 2444 592 2492 necdum
629 2442 799 2490 fuerat
835 2442 979 2490 locus
1016 2439 1255 2502 martyrii
1292 2440 1583 2501 deputatus,
1622 2456 1784 2501 penes
1817 2439 1973 2488 Alba·
2009 2498 2018 2511 θ

368 2543 498 2574 num
548 2527 724 2574 latere.
802 2525 960 2573 Unde
1009 2523 1188 2572 statim
1237 2523 1391 2571 iussit
1443 2522 1641 2570 milites
1690 2540 1811 2570 eum
1861 2523 1970 2571 dili·
2001 2503 2012 2516 ⁸

367 2611 576 2673 gentius
620 2609 895 2671 inquirere.
975 2607 1076 2668 Qui
1125 2623 1245 2654 cum
1293 2607 1357 2654 ad
1406 2606 1678 2669 tugurium
1720 2606 1971 2669 martyris

367 2692 744 2756 peruenissent,
785 2689 788 2753 Ι
822 2708 943 2739 mox
971 2708 1025 2739 se
1051 2693 1260 2739 sanctus
1285 2690 1526 2738 Albanus
1559 2706 1650 2751 pro
1675 2689 1882 2751 hospite
1915 2706 1971 2738 ac
2001 2681 2030 2718 f.
2050 2681 2124 2715 0¹⁰·

369 2776 617 2840 magistro
645 2793 751 2836 suo,
782 2775 947 2837 ipsius
972 2774 1169 2835 habitu,
1194 2774 1247 2821 id
1276 2776 1352 2821 est
1377 2773 1637 2831 caracalla,
1665 2790 1765 2835 qua
1790 2772 1971 2821 uestie-

370 2859 536 2919 batur,
576 2858 809 2918 indutus,
858 2857 1119 2905 militibus
1157 2856 1405 2916 exhibuit,
1450 2858 1604 2918 atque
1643 2856 1706 2903 ad
1746 2855 1973 2904 iudicem

373 2941 583 2988 uinctus
608 2941 888 3002 perductus
913 2940 1004 2987 est.

428 3116 439 3138 ¹
471 3118 598 3155 aucta
622 3116 669 3155 C.
859 3116 872 3136 ²
902 3115 1045 3154 albini
1068 3114 1135 3153 N1.
1305 3113 1319 3136 3
1349 3113 1545 3163 albinus,
1568 3115 1728 3160 -inum,
1757 3085 1892 3151 -zlnus
1914 3112 1968 3151 N.

372 3180 383 3203 ⁴
416 3181 526 3220 furt·
549 3182 620 3231 M3
653 3181 775 3220 funt-
797 3181 866 3220 Νι.
1066 3181 1079 3203 ⁵
1108 3180 1234 3218 illius·
1249 3192 1321 3219 om.
1346 3179 1421 3218 M1.
