2175 3439
329 83 524 138 clxxvi
797 82 1091 136 Historiae
1128 83 1547 137 Ecclesiasticae

327 209 406 233 (Ἀρ,
1938 211 2022 237 PAG.

328 259 400 294 IX.
431 258 545 300 Quae
557 258 642 293 sint
657 260 822 294 ostensa
836 258 1011 294 caelitus
1026 258 1257 305 signa,cum
1272 261 1314 295 et
1326 259 1416 304 ipsa
1426 261 1564 295 mater
1572 259 1905 305 congregationis

475 308 590 343 illius
609 320 629 344 e
648 309 808 344 mundo
825 309 1026 344 transiret
1087 337 1094 344 .
1893 337 1902 345 .
1957 323 2017 346 221

326 374 375 408 X.
403 374 466 432 ⁴Ut
484 373 824 458 agamiterium
849 373 1036 409 eiusdem
1063 373 1312 409 monasterii
1341 385 1465 410 orans
1492 385 1616 410 caeca
1641 374 1779 410 lucem
1796 385 1906 410 rece·
1953 438 1993 460 22

326 488 397 523 ΧΙ.
428 435 500 524 Uti)
503 499 577 523 rex
595 488 781 523 01113ᾶο111
800 487 1044 532 prouinciae
1064 488 1186 523 Sebbi
1204 488 1250 523 in
1268 488 1518 524 monachica
1531 488 1668 524 uitam
1687 500 1906 524 conuersa·
1998 436 2020 469 4

474 538 589 573 tione
607 538 767 573 finierit
1895 567 1902 575 ,
1957 550 2021 583 225

324 603 420 638 XII.
451 603 509 638 Ut
523 603 808 647 episcopatum
823 601 1158 637 Occidentalium
1174 603 1384 638 Saxonum
1397 613 1471 646 pro
1486 602 1712 638 Leutherio
1725 602 1902 648 Haeddi,

474 653 761 697 episcopatum
779 651 998 687 Hrofensis
1023 652 1220 688 ecclesiae
1244 664 1320 696 pro
1348 653 1476 687 Putta
1504 653 1732 698 Cuichelm‚
1761 655 1803 687 et
1829 664 1904 697 pro

472 703 562 747 ipso
599 703 815 738 Grefmund
849 701 1083 747 acceperit3
1128 705 1170 737 et
1205 702 1278 746 qui
1312 705 1416 738 tunc
1452 703 1904 747 Nordanhymbrorum

473 753 635 788 fuerint
655 752 836 797 episcopi
1891 780 1900 788 .
1956 765 2020 798 227

323 818 444 853 XIII.
474 818 533 853 Ut
565 817 721 852 Usssrid
753 816 968 860 episcopus
999 817 1264 861 prouinciam
1299 816 1565 852 Australium
1600 817 1815 852 Saxonum
1848 818 1903 853 ad

474 867 690 903 Christum
709 867 967 902 conuerterit
981 865 995 887 1
1891 894 1900 902 .
1955 879 2022 912 230

322 933 448 976 [XIV.
477 933 535 968 Ut
553 931 855 967 intercessione
875 931 1049 967 Osualdi
1066 931 1176 976 regis
1194 931 1394 976 pestifera
1404 931 1641 967 mortalitas
1656 931 1711 967 sit
1725 932 1906 978 sublata]
1957 944 2020 977 232

322 999 423 1041 [XV.
453 998 511 1033 Ut
553 995 780 1032 Caedualla
820 1007 895 1031 rex
939 996 1221 1041 Geuissorurm
1250 996 1474 1032 interfecto
1508 1007 1604 1042 rege
1638 996 1900 1043 Aedilualch,

470 1046 734 1092 prouinciam
752 1046 872 1081 illam
891 1058 1016 1082 saeua
1034 1047 1158 1082 caede
1177 1058 1226 1082 ac
1245 1047 1567 1091 depopulatione
1585 1046 1815 1092 attriuerit]
1891 1074 1900 1082 .
1956 1048 2021 1092 236

321 1113 422 1148 XIV
448 1112 587 1156 [XVI].
618 1112 675 1146 Ut
706 1111 839 1146 Uecta
864 1111 1007 1147 insula
1038 1110 1291 1147 christianos
1318 1111 1479 1147 incolas
1510 1111 1750 1156 susceperit,
1782 1111 1903 1147 0111113

476 1162 581 1207 regii
600 1163 681 1196 duo
697 1161 818 1205 pueri
836 1162 982 1197 statim
999 1164 1092 1207 post
1110 1165 1331 1207 acceptum
1348 1162 1559 1207 baptisma
1575 1162 1662 1197 sint
1680 1162 1899 1197 interemti
1962 1162 2017 1197 ib.

321 1227 398 1262 XV
423 1227 585 1271 [XVIIJ.
617 1227 678 1261 De
717 1227 874 1269 synodo
919 1226 1035 1262 facta
1070 1226 1116 1261 in
1156 1238 1303 1271 campo
1342 1226 1595 1272 Haethfelda,
1635 1226 1902 1271 praesidente

470 1276 780 1321 archiepiscopo
799 1276 1010 1312 Theodoro
1079 1304 1087 1312 .
1194 1304 1202 1312 .
1310 1304 1318 1312 .
1542 1304 1551 1312 .
1773 1305 1782 1313 .
1889 1304 1898 1312 .
1954 1279 2020 1322 238

320 1343 420 1377 XVI
446 1342 633 1386 [XVIII].
664 1342 725 1376 De
753 1341 944 1377 Iohanne
970 1343 1185 1377 cantatore
1211 1341 1321 1378 sedis
1347 1341 1610 1405 apostolicae,
1631 1340 1704 1385 qui
1731 1342 1903 1386 propter

471 1393 707 1427 docendum
725 1391 984 1427 Brittaniam
1006 1392 1173 1427 uenerit
1424 1419 1432 1427 .
1539 1419 1548 1427 .
1770 1419 1778 1427 .
1886 1419 1894 1427 .
1949 1401 2020 1435 240

320 1458 444 1493 XVII
472 1457 613 1502 [XIX].
643 1457 701 1492 Ut
721 1456 950 1500 Edilthryd
961 1456 1110 1501 regina
1123 1457 1242 1501 uirgo
1255 1458 1458 1500 perpetua
1470 1419 1761 1502 permanserit,
1783 1455 1903 1492 cuius

470 1519 548 1543 nec
568 1518 717 1551 corpus
735 1507 781 1542 in
799 1510 1078 1542 monumento
1097 1507 1309 1551 corrumpi
1327 1507 1781 1552 potuerit..
1888 1533 1897 1542 .
1952 1516 2018 1550 243

321 1573 467 1608 XVIII
494 1572 613 1617 [XXJ.
642 1572 839 1615 Hymnus
858 1572 908 1606 de
927 1571 1003 1606 illa
1080 1599 1088 1607 .
1196 1599 1205 1607 .
1888 1597 1897 1606 .
1953 1582 2020 1616 247

321 1638 422 1672 XIX
448 1636 590 1681 [XXIJ.
620 1636 678 1671 Ut
689 1635 929 1671 Theodorus
944 1636 1159 1680 episcopus
1171 1636 1285 1671 inter
1299 1635 1549 1681 Ecgfridum
1567 1637 1608 1671 et
1626 1634 1902 1670 Aedilredum

469 1697 585 1731 reges
602 1697 749 1730 pacem
770 1686 916 1722 fecerit
957 1714 966 1722 .
1883 1712 1892 1720 .
1947 1695 2018 1732 249

320 1753 400 1787 XX
426 1751 591 1796 [XXII]
622 1751 679 1786 Ut
705 1750 881 1786 uincula
907 1750 1127 1786 cuiusdam
1155 1749 1326 1795 captiui,
1349 1761 1446 1786 cum
1469 1761 1546 1795 pro
1571 1761 1618 1786 eo
1636 1749 1788 1785 missae
1807 1759 1904 1785 can-

468 1803 674 1847 tarentur,
695 1801 834 1836 soluta
852 1800 939 1836 sint
1193 1828 1202 1836 .
1425 1828 1435 1836 .
1888 1828 1898 1836 .
1959 1799 2014 1835 ib.

321 1867 424 1902 XXI
449 1867 639 1911 [XXIII].
671 1866 733 1901 De
752 1865 845 1901 uita
863 1868 904 1901 et
923 1866 1040 1901 obitu
1059 1866 1213 1901 Hildae
1231 1865 1465 1901 abbatissae
1891 1891 1900 1900 .
1955 1876 2017 1909 252

321 1932 447 1967 XXII
473 1932 650 1975 [XXIV]
681 1931 800 1972 Quod
827 1930 874 1964 in
903 1930 1159 1965 monasterio
1190 1930 1278 1966 eius
1304 1930 1434 1966 fuerit
1463 1929 1606 1976 frater,
1644 1929 1714 1965 cui
1743 1929 1902 1964 donum

471 1981 653 2017 canendi
669 1981 724 2016 sit
743 1980 951 2016 diuinitus
969 1992 1212 2017 concessum
1425 2007 1434 2016 .
1541 2007 1549 2015 .
1656 2007 1665 2015 .
1771 2006 1781 2015 .
1887 2005 1896 2014 .
1952 1981 2018 2024 258

321 2046 469 2082 XXIII
496 2046 649 2090 [XXV].
681 2045 825 2087 Qualis
842 2045 950 2080 uisio
969 2045 1139 2080 cuidam
1157 2044 1250 2080 uiro
1274 2044 1353 2080 Dei
1379 2043 1634 2089 apparuerit,
1654 2043 1902 2088 priusquam

470 2095 777 2131 monasterium
798 2095 1034 2131 Coludanae
1052 2095 1168 2131 urbis
1186 2097 1293 2131 esset
1310 2094 1508 2130 incendio
1526 2097 1795 2130 consumtum
1890 2121 1899 2129 .
1953 2095 2018 2129 262

321 2162 462 2197 XXIV
487 2161 664 2205 [XXVI].
699 2161 759 2195 De
777 2162 913 2195 morte
926 2159 1115 2204 Ecgfridi
1133 2162 1175 2196 et
1193 2159 1390 2195 Hlotheri
1407 2170 1555 2204 regum
1658 2186 1666 2194 .
1887 2186 1896 2195 .
1951 2159 2019 2194 266

321 2226 440 2261 XXV
466 2225 669 2270 [XXVIIJ.
699 2224 758 2259 Ut
775 2224 843 2258 uir
861 2224 1033 2259 Domini
1052 2224 1261 2259 Cudberct
1279 2224 1335 2259 sit
1353 2223 1568 2268 episcopus
1580 2224 1742 2269 factus3
1770 2224 1902 2267 utque

470 2275 517 2310 in
535 2274 786 2310 monachica
805 2274 944 2309 adhuc
964 2274 1055 2309 uita
1070 2275 1228 2318 positus
1245 2274 1402 2310 uixerit
1419 2275 1490 2310 uel
1509 2274 1698 2310 docuerit
1889 2301 1898 2310 .
1951 2274 2019 2308 268

322 2340 463 2376 XXVI
488 2339 716 2384 [XXVIII]
747 2339 805 2374 Ut
823 2338 936 2373 idem
961 2338 1007 2372 in
1035 2338 1127 2374 uita
1151 2338 1422 2374 anchoretica
1439 2340 1481 2374 et
1499 2338 1663 2373 fontem
1681 2338 1732 2373 de
1755 2339 1902 2372 arente

471 2392 585 2425 terra
603 2390 762 2424 orando
780 2389 1034 2434 produxerit,
1056 2392 1097 2424 et
1117 2391 1299 2434 segetem
1325 2389 1375 2424 de
1393 2389 1532 2424 labore
1559 2399 1767 2424 manuum
1785 2388 1902 2423 ultra

470 2442 637 2484 tempus
655 2439 820 2474 serendi
839 2439 1046 2483 acceperit
1081 2467 1090 2475 .
1313 2467 1323 2475 .
1545 2466 1554 2474 .
1659 2466 1669 2474 .
1775 2465 1786 2474 .
1891 2464 1900 2473 .
1955 2449 2014 2483 271

323 2505 486 2542 XXVII
513 2504 695 2549 [XXIX]
725 2503 784 2538 Ut
817 2502 931 2538 idem
965 2503 1051 2538 iam
1087 2503 1304 2548 episcopus
1340 2503 1503 2538 obitum
1545 2513 1670 2538 suum
1712 2501 1901 2547 proxime

470 2555 666 2590 futurum
684 2553 929 2589 Heribercto
948 2554 1194 2589 anchoritae
1212 2553 1469 2598 praedixerit
1539 2580 1549 2590 .
1771 2580 1781 2588 .
1952 2563 2017 2598 274

323 2619 509 2656 XXVIII
535 2619 693 2663 [XXX].
724 2618 782 2653 Ut
825 2628 974 2661 corpus
1018 2617 1134 2653 1111113
1175 2619 1269 2662 post
1296 2619 1359 2653 XI
1386 2627 1521 2653 annos
1562 2617 1805 2661 sepulturae
1844 2579 1901 2651 3113

471 2667 751 2712 corruptionis
778 2667 955 2703 inmune
982 2669 1249 2712 reppertum3
1290 2679 1368 2704 nec
1398 2668 1535 2704 multo
1565 2670 1658 2712 post
1689 2677 1902 2703 successor

472 2719 733 2764 episcopatus
752 2717 839 2753 01113
858 2718 909 2753 (10
928 2719 1088 2753 mundo
1106 2718 1326 2754 transierit
1542 2745 1550 2753 .
1656 2744 1665 2752 .
1887 2744 1897 2752 .
1950 2716 2018 2762 276

322 2786 465 2821 XXIX
491 2783 673 2829 [XXXIJ.
702 2783 761 2818 Ut
779 2781 953 2827 quidam
971 2782 1026 2818 ad
1042 2783 1234 2818 tumbam
1255 2782 1344 2818 eius
1362 2782 1417 2818 sit
1435 2794 1461 2818 a
1477 2782 1660 2827 paralysi
1678 2783 1851 2817 sanatus
1888 2808 1896 2817 .
1952 2782 2018 2826 278

323 2851 443 2887 XXX
469 2848 674 2894 [XXXIIJ.
704 2848 764 2883 Ut
794 2847 902 2882 alter
936 2847 991 2883 ad
1021 2847 1222 2891 reliquias
1251 2847 1341 2883 eius
1375 2858 1511 2892 nuper
1541 2847 1672 2883 fuerit
1702 2846 1754 2882 ab
1790 2845 1900 2882 oculi

471 2900 643 2944 langore
661 2895 858 2934 curatus2
1076 2924 1085 2933 .
1190 2925 1199 2933 .
1306 2926 1315 2933 .
1422 2925 1430 2933 .
1538 2925 1547 2933 .
1655 2924 1664 2932 .
1770 2923 1779 2932 .
1885 2923 1895 2933 .
1951 2906 2016 2942 279

366 3017 380 3039 1
404 3025 434 3049 v.
452 3017 538 3046 note
556 3027 583 3054 1,
600 3024 635 3054 p.
653 3022 737 3054 2303
760 3016 845 3045 note
864 3026 914 3052 10,
932 3023 966 3053 p.
982 3023 1054 3054 23²·

365 3058 382 3083 2
403 3058 514 3089 After
536 3058 599 3089 the
621 3057 783 3096 capitula
805 3057 845 3087 of
868 3057 969 3087 Book
985 3056 1057 3088 IV:
1080 3056 1211 3096 incipit
1232 3056 1307 3096 ipse
1330 3056 1435 3096 liber,
1454 3056 1501 3088 M.
1542 3056 1678 3096 Incipit
1693 3056 1768 3096 ipse
1785 3055 1848 3090 lib.
1865 3055 1955 3097 1111,
1974 3056 2017 3088 B.

324 3101 542 3142 Expliciunt
556 3099 728 3140 capitula,
746 3099 879 3140 incipit
894 3099 998 3139 liber,
1015 3099 1062 3133 N.
1108 3099 1244 3139 Incipit
1259 3099 1353 3131 liber
1367 3101 1521 3139 quartus
1534 3099 1619 3132 eccl.
1637 3099 1723 3132 hist.
1740 3098 1779 3131 C.
