2240 3444
353 100 462 151 255
809 105 1074 162 Historia
1111 109 1501 168 Ecclesiastiea
1773 130 1954 183 [L113.V.

352 249 687 311 consecrauit,
730 251 906 300 uirum
942 254 1142 318 Latina,
1187 257 1360 321 Greca,
1397 263 1448 309 et
1486 263 1739 315 Saxonica
1774 267 1956 332 lingua

350 331 506 392 atque
531 333 827 383 eruditione
851 337 1216 401 multipliciter
1239 341 1569 396 instructum.

1002 509 1155 559 CAP.
1198 510 1294 561 IX.

351 626 398 662 Ut
417 627 623 673 Ecyberct¹
651 632 718 667 uir
741 636 901 670 sanctus
921 637 975 671 ad
996 639 1313 680 praedicandum
1339 642 1383 678 m
1407 643 1662 681 Germaniam
1691 648 1824 685 uenire
1843 650 1953 687 uolu-

343 694 428 741 erit,
450 705 516 731 rzec
541 697 711 734 maluerit
725 712 740 745 ,·
764 710 878 744 porro
912 701 1117 740 Uz'ctberct¹
1141 706 1345 742 aduertere}
1371 710 1539 753 quidem,
1565 713 1630 748 sed
1657 715 1753 758 quia
1778 725 1844 752 nec
1873 717 1952 761 ipse

431 761 585 807 aliquid
597 764 830 812 profecisset,
852 778 1014 804 rursum
1035 771 1079 806 irc
1099 772 1350 820 Hiberniam,
1371 777 1476 812 uncle
1496 781 1667 827 uenerat,
1693 782 1863 819 redierit.

50 890 208 934 Egbert
418 868 496 918 Eo
514 868 530 892 ‘²
554 873 789 935 tempore
815 877 1129 925 uenerabilis
1155 882 1206 928 et
1232 897 1352 929 cum
1379 884 1523 931 omni
1548 885 1949 940 honorificentia

50 940 285 1036 ἓξὲξὲἓὲζθ
343 954 698 1003 nominandus
739 957 971 1007 famulus
1013 961 1210 1010 Christi
1259 967 1311 1011 et
1359 969 1595 1017 sacerdos
1644 971 1898 1035 Ecgberct
1913 974 1943 1037 3,

51 1040 273 1086 Germany·
343 1053 498 1099 quem
525 1038 581 1085 in
608 1039 868 1089 Hibernia
893 1042 1068 1092 insula
1092 1049 1420 1109 peregrinam
1447 1051 1634 1101 ducere
1660 1054 1828 1104 uitam
1853 1075 1946 1121 pro

339 1120 673 1182 adipiscenda
698 1122 753 1170 in
783 1124 937 1173 caelis
961 1127 1128 1188 patria
1153 1131 1447 1190 retulimus,
1474 1138 1744 1198 proposuit
1768 1140 1946 1190 animo

337 1203 579 1265 pluribus
598 1206 868 1268 prodesse3
906 1208 959 1257 id
980 1213 1058 1258 est
1077 1211 1208 1260 inito
1229 1230 1381 1276 opere
1401 1220 1697 1282 apostolico,
1720 1224 1944 1273 uerbum

337 1286 435 1334 Dei
459 1287 721 1349 aliquibus
748 1306 939 1353 earum,
967 1310 1097 1355 quae
1124 1298 1359 1346 nondum
1384 1301 1672 1366 audierant,
1699 1308 1945 1368 gentibus

337 1371 743 1433 euangelizando
768 1376 1096 1426 committere
1118 1398 1129 1439 3
1169 1397 1393 1442 quarum
1413 1383 1469 1432 in
1488 1386 1770 1438 Germania
1787 1392 1945 1454 pluri·

337 1468 449 1500 mas
475 1458 693 1503 nouerat
721 1474 831 1506 esse
857 1460 1108 1523 nationes,
1135 1479 1163 1509 a
1191 1464 1380 1526 quibus
1399 1468 1564 1531 Angli
1590 1471 1676 1519 uel
1697 1472 1939 1538 Saxones,

337 1535 427 1598 qui
442 1554 583 1586 nunc
600 1539 917 1589 Brittaniam
933 1542 1185 1608 incolunt,
1209 1564 1373 1610 genus
1393 1553 1443 1598 et
1464 1552 1720 1615 originem
1737 1557 1947 1608 duxisse

334 1623 626 1669 noscuntur
646 1641 656 1683 ;
697 1625 836 1672 unde
856 1625 1109 1676 hactenus
1124 1646 1152 1677 a
1171 1630 1344 1681 uicina
1363 1637 1520 1696 gente
1553 1634 1558 1702 Ι
1592 1637 1911 1690 Brettonum
1929 1644 1945 1667 ‘²
1975 1659 2002 1695 f.
2028 1671 2089 1705 105
2109 1673 2143 1696 a.

334 1707 573 1766 corrupte
595 1706 847 1756 Garmani
864 1716 1253 1775 nuncupantur.
1321 1716 1458 1765 Sunt
1474 1721 1650 1769 autem
1668 1722 1936 1788 Fresones,

333 1786 543 1850 Rugini,
588 1789 768 1845 Danai,
798 1792 1004 1855 Hunni,
1047 1796 1277 1860 Antiqui
1315 1800 1558 1865 Saxones,
1592 1804 1940 1872 Boructuari;

331 1873 457 1919 sunt
491 1871 580 1919 alii
614 1874 886 1937 perplures
914 1877 1120 1927 hisdem
1154 1880 1210 1928 in
1247 1884 1484 1944 partibus
1513 1889 1695 1950 populi
1724 1894 1941 1955 paganis

331 1953 499 2001 adhuc
549 1956 740 2005 ritibus
789 1961 1090 2024 seruientes,
1145 1966 1207 2013 ad
1260 1983 1390 2028 quos
1439 1971 1623 2019 uenire
1676 1975 1940 2036 praefatus

331 2036 528 2085 Christi
548 2039 702 2087 miles
722 2041 1163 2108 circumnauigata
1184 2048 1445 2100 Brittania
1471 2053 1736 2119 disposuit,
1763 2058 1940 2122 siquos

330 2119 462 2168 forte
501 2138 564 2169 ex
603 2123 709 2171 illis
748 2128 952 2188 ereptos
992 2129 1210 2179 Satanae
1246 2133 1310 2180 ad
1346 2135 1616 2186 Christum
1653 2141 1937 2193 transferre

328 2203 556 2267 ualeret3
595 2207 694 2267 uel,
727 2208 772 2255 si
797 2209 893 2257 hoc
920 2211 1031 2260 fieri
1065 2230 1173 2262 non
1198 2220 1384 2279 posset,
1411 2219 1635 2269 Romam
1667 2224 1847 2274 uenire
1872 2229 1935 2276 ad

326 2285 554 2336 uidenda
612 2292 769 2353 atque
815 2294 1075 2343 adoranda
1134 2297 1404 2348 beatorum
1465 2306 1824 2365 apostolorum
1878 2328 1933 2359 ac

326 2372 622 2434 martyrum
649 2374 844 2423 Christi
870 2377 1054 2427 limina
1079 2381 1341 2443 cogitauit.

33 2463 97 2498 He
117 2463 151 2499 is
171 2475 260 2507 pre·
396 2453 497 2501 Sed
524 2472 590 2503 ne
616 2457 810 2520 aliquid
831 2460 1021 2509 horum
1047 2464 1331 2527 perficeret,
1359 2483 1585 2530 superna
1610 2471 1701 2520 illa
1727 2478 1933 2526 oracula

31 2514 262 2600 {essssssgnlffy
325 2534 485 2584 simul
535 2540 586 2586 et
635 2557 789 2602 opera
836 2544 1154 2595 restiterunt.
1234 2549 1506 2612 Siquidem
1555 2554 1733 2606 electis
1781 2561 1932 2611 sociis

323 2621 702 2672 strenuissimis
750 2627 802 2673 et
859 2627 923 2674 ad
978 2630 1384 2690 praedicandum
1440 2637 1661 2687 uerbum
1710 2641 1926 2705 idoneis,

324 2705 505 2764 utpote
525 2706 728 2755 actione
748 2708 907 2757 simul
924 2713 974 2758 et
995 2713 1287 2762 eruditione
1306 2719 1592 2782 praeclaris,
1614 2728 1932 2787 praeparatis

322 2787 580 2851 omnibus,
609 2808 738 2852 quae
765 2793 1135 2856 nauigantibus
1155 2813 1264 2845 esse
1291 2804 1576 2852 necessaria
1596 2806 1923 2873 uidebantur,

327 2870 470 2918 uenit
497 2872 580 2920 die
615 2875 839 2936 quadam
873 2894 1028 2926 mane
1053 2879 1222 2941 primo
1258 2882 1320 2930 ad
1355 2900 1477 2932 eum
1512 2904 1649 2937 unus
1676 2891 1739 2938 de
1764 2892 1929 2942 fratri-

322 2951 432 3014 bus,
465 2955 752 3018 discipulus
785 2961 1048 3021 quondam
1085 2963 1141 3011 in
1176 2965 1439 3015 Brittania
1471 2972 1522 3018 et
1551 2972 1793 3022 minister
1817 2976 1928 3026 Deo

377 3061 387 3083 ¹
419 3064 593 3104 -borcht
616 3068 659 3106 C.
776 3067 791 3089 2
820 3070 877 3107 W
901 3075 974 3109 has
993 3085 1048 3110 cm
1068 3076 1291 3114 alternaiire
1311 3080 1518 3127 beffl'mzinq
1539 3085 1571 3119 to
1602 3086 1680 3121 this
1709 3088 1863 3131 chapter
1882 3090 1926 3125 in

320 3141 345 3166 α
367 3132 506 3177 twelflh
527 3137 685 3179 centem-31
705 3138 829 3184 leand,
850 3142 931 3175 (1)th
950 3142 1026 3176 this
1045 3143 1154 3179 alone
1177 3144 1213 3178 is
1233 3145 1290 3180 the
1316 3148 1482 3193 reaclirzq
1500 3149 1546 3194 of
1558 3148 1641 3197 019.
1730 3150 1744 3172 3
1775 3152 1924 3193 -berht

320 3196 364 3235 C.
482 3198 497 3220 4
527 3201 791 3242 brectonum
815 3206 867 3245 N.
